3558 5493
942 578 1030 631 ¹96

936 944 1079 1014 459

936 1404 1076 1476 160

936 1866 1063 1938 161

938 2329 1082 2416 162

936 2793 1077 2865 163

938 3250 1081 3324 164

940 3718 1081 3788 165

1884 575 2090 629 ῦΕΒΤΑ

1374 718 1448 784 et
1481 708 1836 808 preourrit
1871 717 1951 783 ut
1983 708 2187 784 feriat

1374 833 1587 924 atque
1624 824 1900 922 primus
1934 824 2265 913 introeat,
2391 859 2396 870 ·

1470 939 1669 1014 illum
1703 939 1840 1013 viri
1879 939 1971 1014 de
2005 939 2293 1016 castello

1371 1065 1912 1155 prosternentes
1948 1056 2283 1131 continuo

1371 1170 1621 1245 audaci
1656 1178 1946 1270 captant
1979 1171 2215 1244 animo

1372 1287 1746 1363 auxiliante
1783 1286 2111 1362 Domino·

1468 1407 1695 1478 Deum
1729 1401 1921 1477 enim
1955 1401 2362 1500 permisisse

1369 1517 1587 1593 credo
1619 1525 1833 1616 atque
1868 1518 2180 1594 voluisse

1371 1633 1567 1734 quod
1598 1643 1851 1733 eap'tus
1886 1644 1999 1709 est
2033 1659 2336 1733 nequam
2375 1634 2531 1734 ipse

1370 1750 1640 1826 crudeli
1676 1750 1923 1826 furens
1959 1750 2185 1826 rabie.

1470 1865 1703 1941 Credo
1738 1871 1964 1941 Deum
2000 1874 2330 1964 preterea

1371 1979 1545 2056 haec
1581 1981 1829 2055 fecisse
1866 1980 2203 2056 miracula

1373 2095 1469 2170 ob
1506 2095 1886 2172 viduarum
1922 2097 2251 2172 lacrimas

1373 2219 1446 2286 et
1479 2237 1883 2312 pauperum
1919 2213 2268 2288 miserias.

1472 2331 1652 2402 Nam
1683 2327 1975 2425 quando
2012 2337 2262 2426 captus
2297 2326 2550 2402 eecidit

1374 2442 1476 2518 sie
1516 2443 1804 2519 fuerunt
1841 2443 1913 2518 in
1951 2442 2175 2518 extasi

1376 2557 1633 2633 milites
1667 2559 1821 2659 ejus
1855 2559 2064 2658 positi

1371 2672 1567 2772 quod
1605 2673 1838 2749 nullus
1872 2674 1937 2749 ei
1976 2674 2309 2751 subvenit

1471 2797 1544 2864 et
1580 2788 1670 2864 de
1706 2790 1855 2866 suis
1890 2791 2259 2880 militibus,

1370 2904 1564 3006 quod
1602 2929 1941 3006 magnum
1977 2906 2108 2982 fuit
2144 2904 2481 2993 dedecus,

1375 3047 1516 3097 non
1553 3031 1661 3097 est
1699 3031 1951 3122 eaptus
1988 3046 2231 3097 secum
2267 3047 2475 3110 unus,

1371 3138 1786 3213 vulneratus
1821 3146 1944 3212 aut
1975 3146 2420 3237 peremptus.

1472 3253 1598 3328 Cui
1637 3253 1693 3326 si
1730 3261 1841 3326 tot
1876 3253 2210 3328 mulieres

1372 3378 1611 3443 essent
1645 3377 1822 3468 quot
1859 3377 2061 3442 erant
2098 3369 2371 3467 equites

1373 3482 1657 3558 liberari
1693 3482 2045 3582 potuisset

1378 3599 1439 3673 si
1477 3599 1718 3675 vivere
1755 3599 2143 3675 habuisset.

1473 3714 1612 3791 Sed
1650 3716 1951 3790 fortasse
1988 3713 2325 3789 divinitus

1375 3831 1473 3906 ita
1507 3831 1640 3905 fuit
1674 3831 2064 3931 dispositus

1374 3946 1506 4020 sibi
1544 3945 1822 4021 dierum
1858 3971 2196 4023 numerus

1374 4067 1449 4134 et
1480 4059 1733 4135 mortis
1769 4087 1939 4137 suae
1974 4061 2345 4138 terminus.
