3558 5493
1348 600 1693 654 omnm.
2553 599 2584 650 3

901 737 1017 838 agi
1049 736 1140 812 de
1170 734 1601 824 sanctuario,

515 859 592 929 44
998 851 1130 941 Qui
1168 850 1349 927 adeo
1378 856 1546 926 sunt
1574 847 1815 948 cupidi

901 993 993 1043 ex
1022 991 1274 1043 amore
1307 966 1609 1065 proficui

900 1084 1095 1183 quod
1133 1107 1275 1158 non
1314 1083 1665 1158 sufferunt
1698 1079 1918 1157 tribui

901 1198 1342 1299 presulatum
1370 1197 1604 1273 alicui.

514 1320 607 1394 42
997 1315 1126 1390 Hic
1162 1314 1315 1389 vult
1348 1338 1509 1389 esse
1544 1313 1979 1413 prepositus,

900 1430 1015 1505 ille
1050 1428 1612 1519 archidiaconus,

904 1554 979 1619 et
1011 1546 1135 1644 qui
1170 1569 1314 1620 non
1345 1552 1586 1644 potest
1618 1543 1873 1620 melius

900 1660 1056 1736 vult
1089 1685 1248 1736 esse
1282 1660 1397 1735 vel
1431 1660 1836 1736 eanonicus.

517 1781 608 1851 43
1000 1776 1131 1852 Hie
1164 1776 1382 1851 istum
1416 1776 1572 1851 vult
1605 1777 2024 1875 episcopum

904 1896 979 1967 et
1012 1889 1127 1965 ille
1163 1890 1344 1990 petit
1373 1890 1617 1980 alium,

901 2030 1087 2082 unus
1120 2006 1422 2106 quisque
1455 2006 1546 2081 ad
1581 2005 1863 2081 libitum

901 2131 1202 2221 propter
1234 2147 1445 2199 suum
1481 2123 1910 2222 proficuum.

517 2238 609 2314 ⁴4
1001 2239 1264 2313 Nolunt
1295 2237 1560 2314 habere
1594 2238 1955 2337 presulem

903 2351 1301 2428 secundum
1332 2353 1512 2453 legis
1545 2352 1877 2429 ordinem

903 2494 1036 2544 nec
1064 2494 1199 2568 per
1230 2493 1584 2545 canonum
1618 2469 1940 2570 regulam

905 2610 1039 2661 neo
1073 2611 1206 2685 per
1239 2586 1637 2662 doctrinam
1672 2586 1908 2661 aliam.

518 2705 611 2777 45
1002 2702 1250 2781 Virum
1285 2702 1839 2779 ecclesiasticum

905 2843 1050 2893 non
1087 2826 1396 2916 querunt
1432 2843 1563 2894 neo
1596 2818 2019 2894 catholicum

903 2958 1037 3008 nec
1070 2934 1193 3032 qui
1223 2933 1579 3008 bonorum
1611 2933 1983 3008 hominum

901 3049 1193 3125 habeat¹
1233 3049 1760 3138 testimonium3

517 3169 611 3240 46
1004 3164 1132 3239 sed
1167 3189 1385 3265 quem
1418 3165 1698 3265 largum
1729 3162 2081 3265 aspiciunt

903 3305 1195 3379 preesse
1230 3281 1364 3356 sibi
1401 3282 1723 3381 cupiunt,

902 3404 1027 3469 aut
1060 3394 1260 3471 illum
1296 3421 1510 3494 quem
1549 3397 1711 3496 plus
1741 3396 2046 3497 diligunt

903 3510 1041 3585 sibi
1074 3519 1439 3610 pastorem
1470 3512 1767 3612 eligunt.

518 3627 610 3698 47
1003 3630 1093 3701 Et
1127 3651 1291 3700 oum
1327 3626 1429 3701 sio
1466 3635 1679 3726 agant
1712 3625 1976 3716 clerici,

902 3766 1047 3816 non
1084 3750 1194 3815 est
1228 3742 1490 3817 mirum
1528 3742 1587 3817 si
1622 3742 1778 3817 laici

903 3858 1264 3932 voluntate
1301 3857 1644 3933 consimili

902 3971 1047 4047 sint
1080 3972 1452 4049 disoordes
1490 3982 1564 4049 et
1596 3972 1864 4072 cupidi.

541 4235 593 4293 1.
634 4237 849 4296 habeat.
901 4237 983 4296 Ge
1023 4246 1176 4312 mot,
1224 4239 1376 4298 omis
1414 4256 1519 4314 par
1559 4240 1615 4297 lo
1657 4238 1909 4312 premier
1951 4237 2200 4312 copiae,
2247 4253 2282 4294 a
2320 4237 2413 4294 oto
2451 4233 2595 4293 serit

471 4321 784 4384 ιιι-(108808
811 4325 882 4385 de
909 4325 967 4385 la
993 4327 1147 4400 ligne
1174 4344 1276 4401 par
1302 4345 1384 4386 un
1412 4335 1752 4389 eorreoteur.
