3558 5493
1060 736 1153 806 ⁴8

1056 1198 1149 1268 49

1045 1663 1142 1740 20

1051 2074 1244 2203 24‘

1049 2585 1146 2663 22

1049 3045 1144 3122 23

1050 3973 1267 4048 25·

1965 599 2170 651 ῦΕΒΤΑ

1545 736 1724 806 Nam
1757 731 1856 805 illi
1893 731 2015 830 qui
2052 732 2213 830 plus
2248 732 2532 830 sapiunt

1446 854 1521 922 et
1553 847 1787 947 legem
1821 847 2051 948 magis
2087 848 2428 924 sentiunt¹

1445 963 1642 1061 quod
1678 963 2071 1054 dissonant,
2111 964 2306 1062 quod
2344 963 2649 1054 seviunt,

1442 1079 1728 1179 plebem
1763 1104 2006 1155 errare
2039 1079 2326 1155 faciunt.

1542 1195 1791 1272 Clerici
1827 1219 1961 1295 per
1994 1194 2333 1270 invidiam

1441 1310 1868 1386 dissentiunt
1900 1311 1974 1384 in
2009 1311 2338 1402 invicem,

1440 1427 1704 1503 docent
1737 1450 1988 1501 omnes
2023 1425 2363 1502 malitiam

1440 1550 1514 1616 et
1548 1542 1902 1617 seminant
1935 1540 2390 1617 discordiam.

1534 1660 1674 1736 Sed
1711 1669 2091 1761 postquam
2126 1660 2305 1735 vidit
2342 1659 2653 1760 populus

1439 1776 1533 1852 nil
1571 1775 1993 1852 clericorum
2027 1775 2304 1851 actibus

1441 1892 1680 1991 nilque
1710 1916 1963 1967 eorum
1992 1891 2313 1968 moribus

1440 2008 1515 2083 in
1547 2008 1764 2083 terris
1800 2032 1958 2082 esse
1990 2007 2321 2106 nequius,

1537 2128 1905 2202 Venenmt
1937 2123 2012 2198 in
2049 2122 2449 2214 consilium,

1439 2239 1756 2314 dicentes
1793 2238 2234 2339 episcopium

1439 2355 1830 2455 sumpsisse
1867 2354 2319 2454 precipitium

1439 2494 1572 2570 per
1606 2470 1743 2544 hoc
1777 2470 1943 2544 cleri
1984 2468 2385 2545 discidium.

1538 2584 1713 2660 Hinc
1744 2591 1994 2659 tenent
2025 2584 2483 2674 audientiam,

1440 2710 1788 2801 spernunt
1821 2701 1990 2777 cleri
2023 2701 2414 2788 scientiam,

1440 2816 1562 2915 qui
1599 2826 1902 2917 propter
1936 2817 2304 2892 avaritiam

1439 2933 1565 3009 Dei
1599 2934 1893 3009 turbant
1925 2933 2319 3009 ecclesiam.

1536 3051 1892 3148 Spernunt
1932 3072 2184 3123 eorum
2219 3045 2503 3122 codices

1439 3170 1513 3239 et
1547 3162 1834 3239 decreta
1869 3171 1943 3238 et
1976 3187 2307 3251 canoneS‚

1438 3304 1620 3378 quos
1655 3303 1876 3378 super
1911 3287 2203 3353 cunctos
2237 3275 2563 3353 homines

1439 3395 1680 3471 dicunt
1715 3420 1873 3471 esse
1909 3393 2295 3470 mirabiles.

1534 3514 1573 3586 J
1575 3509 1808 3585 aravit
1841 3533 2016 3608 ergo
2052 3509 2361 3608 populus

1437 3648 1574 3724 pro
1607 3632 1718 3699 tot
1752 3623 2312 3699 dissensionibus

1439 3740 1633 3838 quod
1668 3764 1814 3814 non
1850 3741 1987 3814 erit
2016 3741 2397 3839 episcopus

1437 3879 1570 3928 nec
1603 3853 1718 3929 hic
1754 3879 1884 3929 nec
1919 3855 2034 3929 ille
2071 3854 2273 3942 alius,

1539 3969 1673 4043 nisi
1711 3970 1825 4044 ille
1861 3995 2076 4068 quem
2116 3968 2371 4043 nobilis

1440 4085 1830 4185 imperator
1865 4083 2337 4161 transmiserit

1074 4335 1126 4391 1.
1165 4338 1433 4393 sentiunt.
1466 4334 1628 4394 Dans
1660 4336 1714 4395 le
1742 4352 1854 4393 ms.
1885 4338 2157 4393 sen-siunt.
