3558 5493
911 535 1007 588 222
1870 530 2073 582 Gr-sn

1000 774 1124 841 De
1166 771 1584 841 discordie.
1617 769 2080 838 Montensis
2117 770 2367 853 atq-ue
2403 771 2941 840 Flamin-eneis

1800 877 2150 945 comitis.

915 1103 1055 1173 339
1447 1099 1701 1173 Comes
1736 1095 1927 1171 enim
1961 1095 2482 1172 Flendriarum¹

1350 1212 1590 1286 comiti
1624 1212 1916 1287 mandat
1950 1211 2288 1287 Montium

1348 1336 1430 1402 ut
1464 1338 1668 1402 exeat
1705 1331 2163 1403 Camerecum

1349 1443 1531 1517 sicut
1564 1451 1755 1518 amat
1790 1443 2252 1541 semetipsum

914 1558 1055 1633 340
1447 1567 1522 1633 et
1555 1558 1895 1657 quicquid
1933 1558 2023 1633 de
2059 1558 2179 1632 illo
2214 1566 2410 1632 tenet
2454 1584 2471 1631 ε

1346 1674 1611 1773 quippe
1647 1675 1770 1772 qui
1805 1674 2023 1749 homo
2060 1699 2233 1780 suus
2268 1674 2418 1748 est²

1346 1798 1420 1865 et
1454 1790 1578 1890 qui
1614 1791 1776 1880 sibi,
1821 1800 1900 1866 ut
1927 1791 2202 1891 justum
2239 1801 2377 1880 est,

1347 1931 1771 1981 conservare
1807 1906 2025 1981 fidem
2062 1906 2301 1982 debet.

914 2021 1039 2096 34⁴
1445 2027 1544 2097 De
1578 2047 1724 2120 quo
1761 2021 1822 2096 si
1860 2047 2001 2096 non
2039 2022 2293 2096 exierit

1345 2160 1574 2234 neque
1608 2144 1878 2210 terrem
1913 2135 2259 2210 dimiserit

1348 2274 1563 2346 quam
1598 2250 1855 2350 injuste
1892 2251 2291 2350 occupavit,

1348 2363 1482 2438 sihi
1519 2364 1772 2440 obesse
1808 2365 2066 2440 asserit

1347 2504 1799 2578 quocumque
1836 2480 2053 2555 modo
2091 2481 2379 2579 poterit.

981 2756 1031 2813 1.
1070 2754 1314 2830 Thierry
1338 2753 1623 2829 d‘Alsaoe‚
1653 2763 1844 2814 comte
1872 2755 1945 2815 de
1983 2756 2233 2815 Flandre
2257 2756 2463 2831 depuis
2500 2755 2659 2815 1128.
2689 2786 2761 2799 -
2788 2755 3027 2830 D'epres

906 2843 1178 2902 Lambert
1197 2843 1267 2901 de
1290 2843 1602 2916 wan-eloe,
1631 2843 1880 2919 Thierry
1909 2845 2189 2903 intervint
2215 2846 2249 2902 ὲ
2278 2845 2334 2902 la
2360 2844 2643 2904 demando
2670 2845 2742 2903 de
2769 2845 3024 2919 l'eveque

906 2931 1136 2990 Nicolne
1162 2939 1221 2991 et
1248 2933 1320 2992 de
1341 2934 1545 2992 Simon
1575 2932 1794 3008 d'Oisy.
1817 2936 2165 2991 Dementiam
2192 2952 2435 3005 quorum
2459 2934 3022 3007 (cameracensium),

906 3022 1081 3094 dit-il,
1114 3027 1392 3096 episcopus
1418 3031 1470 3081 et
1499 3026 1654 3095 Huqo
1680 3028 1871 3081 senior
1906 3028 2246 3081 castellanus
2282 3030 2334 3080 et
2361 3025 2558 3082 Simon
2593 3026 2834 3096 ejusdem
2870 3026 3026 3093 filius

905 3115 1182 3180 suspectui
1221 3112 1506 3179 habentes,
1558 3113 1951 3169 Theodericum
1991 3116 2245 3169 comitem
2276 3113 2578 3168 Flandriao
2604 3115 2814 3167 acriter
2849 3114 3028 3167 coacti

904 3202 1342 3268 requisiverunt,
1401 3204 1495 3257 illi
1537 3217 1643 3256 sua
1690 3203 2017 3270 infortunia
2062 3206 2385 3272 monentes
2429 3206 2481 3256 et
2520 3204 2780 3271 plurima
2833 3202 3027 3255 comiti

905 3293 1196 3357 spontanee
1223 3291 1629 3360 spoponderim.
1666 3291 1775 3358 Qui
1803 3306 1932 3344 mox
1958 3294 2036 3345 eis
2066 3294 2130 3345 in
2159 3293 2448 3345 auxilium
2477 3289 2801 3345 Michaelcm
2838 3290 3021 3358 siqni-

903 3377 1092 3444 serum
1118 3392 1314 3444 suum,
1349 3382 1541 3433 virum
1568 3381 1749 3432 armis
1775 3382 2089 3441 strenuum,
2123 3378 2450 3432 deliberavit
2478 3379 2553 3431 acl
2580 3378 3022 3447 compescendam

904 3468 1318 3520 contumaciam
1359 3467 1844 3522 Cameracensium
1886 3462 2107 3535 (Lamh.
2148 3463 2423 3537 wan-el„
2462 3481 2515 3537 p.
2564 3465 2710 3538 515).
2753 3463 3025 3522 Lambert

904 3568 980 3610 ne
1007 3551 1092 3608 dit
1118 3568 1221 3626 pas
1248 3569 1330 3608 un
1357 3559 1482 3610 mot
1508 3552 1579 3610 de
1607 3560 1733 3610 tout
1758 3569 1825 3610 ce
1853 3553 1981 3627 qui,
2014 3552 2246 3610 suivant
2287 3559 2454 3610 notre
2490 3569 2781 3626 anonyme
2811 3556 2883 3626 (v.
2917 3560 3018 3608 etr.

905 3638 1141 3696 339-str.
1174 3639 1319 3711 362),
1349 3655 1412 3697 ee
1438 3655 1608 3713 passa
1636 3647 1798 3697 entre
1837 3638 1890 3698 le
1929 3648 2114 3698 comte
2152 3638 2224 3695 de
2253 3637 2501 3696 Flandre
2543 3646 2601 3697 et
2637 3638 2690 3696 le
2727 3646 2914 3697 comte
2950 3637 3022 3696 de

904 3728 1178 3785 Hninaut.

974 3811 1027 3866 2.
1065 3812 1138 3870 Je
1165 3813 1281 3872 n'ni
1307 3832 1384 3888 pu
1414 3823 1645 3874 trouver
1670 3816 1836 3891 queis
1865 3817 2085 3874 etaient
2124 3817 2208 3874 les
2248 3815 2550 3875 domnines
2589 3832 2701 3890 que
2740 3815 2795 3873 le
2832 3822 3022 3873 comte

903 3898 974 3956 de
1001 3901 1259 3960 Hainaut
1284 3904 1465 3960 tenuit
1489 3904 1638 3963 alors
1667 3922 1739 3961 en
1770 3906 1874 3963 fies
1896 3904 1973 3964 dn
2000 3912 2192 3964 comte
2220 3904 2291 3962 de
2311 3905 2560 3963 Flandre
2581 3921 2657 3963 ou
2677 3906 2714 3962 ὲ
2734 3904 2868 3980 quel
2888 3906 3021 3962 titre

904 3987 945 4044 il
973 3987 1057 4047 lui
1084 3989 1276 4048 devait
1303 3991 1632 4066 hommage.
1673 3993 1725 4050 ΙΙ
1763 4001 1853 4052 est
1887 4010 2094 4053 encore
2130 3994 2400 4068 question
2445 3995 2574 4069 plns
2612 3995 2714 4052 hus
2745 3996 2865 4065 (str.
2897 3992 3020 4064 352)

902 4076 974 4134 de
1002 4086 1148 4135 cette
1177 4078 1444 4137 vassalite
1472 4080 1550 4138 dn
1578 4090 1766 4139 comte
1796 4082 1868 4139 de
1895 4083 2182 4154 Hainaut,
2213 4090 2274 4140 et
2302 4099 2368 4142 ce
2395 4083 2496 4157 qui
2525 4089 2617 4141 est
2643 4081 2730 4140 dit
2755 4081 2899 4139 dans
2937 4080 3021 4139 les

904 4166 1165 4239 strophes
1185 4167 1480 4227 suiventes
1503 4172 1622 4239 (etr.
1647 4170 1769 4242 353,
1796 4170 2051 4243 357-360)
2087 4179 2313 4231 montre
2338 4188 2452 4246 que
2479 4172 2704 4230 celui-ci
2734 4172 2791 4229 la
2817 4186 3017 4229 recon-

904 4255 1161 4312 naissait.
