3558 5493
837 550 857 602 1
870 549 926 602 10
1788 550 1993 602 amn

832 692 1107 772 serant,
1174 681 1510 758 Galcbero
1566 682 1848 781 penitus
1910 682 2482 758 abrenuntiantes
2498 739 2518 770 ,
2581 683 2935 782 quendam

829 798 1147 873 Odonem
1212 797 1540 873 abbatem
1598 802 1670 873 S.
1733 799 2009 873 Martini
2065 798 2157 873 de
2204 802 2521 873 Tornaco
2578 800 2935 897 presulem

828 913 1226 1012 elegerunt,
1290 914 1403 987 cui
1447 920 1612 1011 post
1656 912 1972 989 triduum
2008 923 2417 988 consecrato
2461 914 2935 990 obedientiam

817 1026 1260 1127 juraverunt.
1302 1033 1381 1103 In
1419 1028 1669 1104 eadem
1700 1029 2057 1119 aecclesia,
2094 1029 2294 1130 cujus
2321 1029 2540 1105 abbas
2574 1029 2930 1117 extiterat,

826 1142 1104 1217 duobus
1121 1142 1322 1216 annis
1341 1151 1413 1217 et
1432 1142 1617 1241 apud
1639 1142 1995 1218 Inciacum
2011 1168 2144 1242 per
2159 1142 2718 1242 quinquennium
2739 1142 2937 1218 habi-

826 1258 1026 1347 tavit,
1074 1257 1280 1356 eique
1326 1258 1416 1333 de
1454 1257 1961 1334 christianitate
2009 1258 2532 1336 Cameracensis
2583 1259 2814 1334 clerus
2864 1268 2937 1334 et

824 1373 1129 1472 populus
1164 1373 1467 1448 fideliter
1502 1372 1844 1448 obedivit.

923 1493 1004 1560 2.
1059 1488 1321 1567 Videns
1356 1513 1532 1562 vero
1569 1488 1950 1564 Galcherus
1985 1488 2178 1587 quod
2206 1489 2418 1565 etiam
2453 1490 2638 1565 inter
2671 1488 2935 1564 amicos

822 1603 1093 1678 vilescit
1128 1612 1200 1678 et
1234 1630 1274 1678 a
1311 1603 1578 1679 cunctis
1614 1603 2093 1702 postponitur,
2126 1613 2575 1703 comparatus
2595 1603 2934 1704 jumentis

821 1719 1314 1818 insipientibus
1348 1718 1550 1817 quasi
1591 1719 1885 1794 demens
1927 1719 2266 1818 loquitur.
2316 1726 2707 1797 Manassem
2741 1719 2930 1794 enim

821 1834 1425 1933 archiepiscopum
1447 1844 1655 1910 vocat
1668 1835 2165 1925 archibricum,
2189 1836 2466 1911 asinum
2488 1844 2927 1924 coronatum,

821 1950 1113 2025 idiotam
1172 1949 1660 2039 indiscretum,
1730 1949 2064 2047 quicquid
2135 1949 2299 2024 facit
2367 1949 2927 2049 parvipendens,

821 2064 1325 2140 dehonestans¹
1354 2075 1427 2139 et
1451 2064 1973 2163 blasphemans.
2005 2062 2281 2139 Positus
2304 2088 2476 2164 ergo
2504 2074 2706 2139 extra
2729 2089 2932 2163 spem

819 2179 1345 2256 misericordiae
1383 2205 1470 2255 ex
1523 2187 1728 2278 parte
1763 2180 2129 2256 Remensis
2176 2179 2547 2254 aecclesiae
2564 2238 2583 2271 ,
2634 2184 2934 2256 Romam

816 2296 922 2371 ire
957 2295 1236 2395 paravit
1275 2322 1291 2368 ε
1334 2306 1406 2371 et
1442 2294 1604 2370 ideo
1632 2295 1941 2394 quedam
1977 2295 2224 2370 tribuit
2250 2304 2323 2370 et
2352 2296 2659 2394 quedam
2684 2296 2934 2371 vendi-

816 2411 954 2502 dit,
996 2420 1070 2487 et
1104 2435 1288 2510 quae
1321 2436 1462 2485 non
1500 2411 1733 2510 potuit
1768 2410 1942 2487 dare
1989 2436 2121 2485 nec
2166 2410 2477 2486 vendere
2516 2421 2638 2487 aut
2678 2412 2931 2512 pigno-

813 2527 997 2600 ravit
1021 2535 1142 2602 aut
1171 2525 1563 2625 dissipavit.
1605 2526 1994 2601 Prelibato²
2022 2526 2211 2602 enim
2246 2527 2521 2627 Hugoni
2552 2526 2927 2602 castellano

814 2640 1171 2719 Cameraci
1242 2641 1712 2716 castellaniam
1784 2641 2094 2717 reddidit
2173 2640 2355 2716 infra
2426 2642 2684 2718 urbem
2702 2644 2732 2689 ³
2780 2636 2929 2741 ‘per

813 2782 1141 2858 magnam
1179 2757 1549 2857 pecuniam
1588 2783 1606 2831 ε
1651 2782 1867 2855 quam
1896 2757 2029 2832 sibi
2064 2781 2450 2856 numquam
2487 2757 2926 2833 reddendam

812 2873 1208 2950 Lietbertus
1236 2874 1614 2974 episcopus
1645 2873 2054 2949 firmaverat
2098 2898 2230 2973 per
2264 2873 2928 2950 excommunicatio-

884 3138 936 3197 1.
974 3139 1350 3196 dehonestum.
1382 3138 1548 3196 Dans
1576 3137 1630 3196 le
1656 3154 1766 3195 ms.
1800 3139 2177 3196 hehonestans.

882 3227 933 3285 2.
976 3227 1055 3285 Ce
1092 3234 1244 3301 mot,
1289 3226 1441 3284 ainsi
1478 3244 1590 3302 que
1627 3243 1775 3286 nous
1812 3224 2029 3284 l’avons
2057 3225 2299 3301 marque
2325 3226 2471 3286 dans
2500 3225 2925 3285 l’Introduction

813 3315 992 3386 (num.
1026 3316 1135 3389 14),
1164 3321 1393 3374 mont-re
1420 3331 1533 3389 que
1563 3322 1713 3374 cette
1739 3315 1854 3373 Vie
1891 3314 2115 3373 d’Odon
2151 3315 2294 3374 etait
2328 3314 2600 3389 regal-dee
2640 3331 2745 3390 par
2780 3315 2923 3374 l'au-

810 3409 939 3462 teur
965 3419 1189 3462 comme
1216 3402 1274 3462 la
1300 3403 1695 3463 continuation
1724 3402 1797 3460 de
1828 3403 1882 3461 la
1909 3401 2240 3477 chronique
2268 3402 2372 3462 des
2397 3404 2645 3477 evaques
2671 3403 2743 3463 de
2762 3404 2925 3464 Gam-

808 3489 952 3565 brai,
980 3490 1017 3546 a
1043 3489 1289 3566 laquelle
1315 3490 1508 3548 devait
1534 3490 1865 3565 appartenir
1890 3491 2048 3549 aussi
2079 3490 2132 3549 la
2162 3491 2277 3550 Vie
2304 3490 2376 3549 de
2406 3491 2687 3550 Gaucher.

881 3578 931 3636 3.
974 3578 1352 3654 (Post-adire,
1382 3595 1518 3638 sans
1547 3578 1741 3652 doute,
1770 3577 1912 3654 qu’il
1941 3578 2024 3636 lui
2051 3580 2294 3638 accon-da
2319 3580 2392 3638 de
2419 3579 2656 3655 templir
2682 3579 2754 3638 de
2782 3596 2923 3639 nou·

808 3683 956 3725 veau
994 3667 1079 3726 les
1114 3669 1401 3728 fonctions
1431 3668 1502 3727 de
1530 3668 1847 3742 chatelain‚
1875 3700 1944 3711 —
1971 3686 2110 3728 avec
2129 3669 2461 3743 jouissance
2489 3670 2589 3728 des
2618 3668 2797 3728 dmits
2823 3668 2923 3744 qui

809 3773 849 3830 y
876 3755 1094 3815 etaient
1135 3758 1412 3832 attaches,
1439 3787 1514 3800 —-
1539 3756 1685 3816 dans
1713 3757 1769 3815 la
1795 3757 1931 3815 ville
1960 3757 2032 3815 de
2058 3758 2347 3832 Cambrai,
2379 3775 2515 3817 sans
2556 3758 2798 3832 pouvoir
2836 3755 2922 3814 lui

806 3844 1074 3903 eccm-der
1110 3845 1163 3904 le
1199 3848 1429 3904 chutun
1466 3844 1538 3904 de
1563 3846 1865 3918 Gamhrai,
1910 3845 2268 3905 c'est-a-dire
2305 3844 2363 3902 la
2388 3846 2550 3921 place
2577 3845 2657 3904 du
2683 3846 2924 3904 Catonu-

807 3930 1163 4006 CambresiS,
1210 3933 1311 4006 qui
1353 3948 1417 3990 se
1455 3932 1706 3990 trouvait
1743 3933 1895 3991 alors
1938 3941 2101 3991 entre
2141 3932 2226 3990 les
2267 3933 2457 3991 mains
2500 3932 2577 3990 du
2621 3940 2811 3992 comte
2851 3932 2923 3991 de

804 4019 1054 4078 Flandre
1092 4020 1310 4078 Robert
1336 4020 1395 4077 11
1424 4019 1628 4096 (comp.
1661 4020 1793 4095 plus
1831 4021 1974 4078 haut
2001 4021 2139 4079 onst.
2172 4021 2455 4091 Galoheri,
2497 4029 2598 4079 str.
2641 4021 2784 4096 528).
2827 4019 2919 4077 Du

804 4116 954 4166 reste
982 4108 1222 4183 Hugues
1259 4108 1317 4165 H
1356 4107 1557 4184 d’Oisy
1585 4118 1684 4168 eut
1723 4109 1853 4168 soin
1892 4110 2052 4167 aussi
2089 4108 2162 4166 de
2199 4109 2644 4169 s’accommoder
2683 4126 2819 4169 avec
2853 4126 2920 4167 ce

802 4196 1052 4271 dernier,
1083 4214 1159 4257 en
1187 4213 1249 4256 se
1277 4197 1712 4258 reconnaissent
1739 4214 1848 4257 son
1876 4198 2062 4258 vansal
2093 4197 2299 4274 (comp.
2330 4197 2460 4273 plus
2484 4198 2585 4257 baa
2610 4199 2749 4258 cest.
2780 4201 2918 4256 Bur-

804 4288 1019 4355 chardi,
1052 4286 1105 4361 1,
1134 4304 1185 4346 c.
1218 4287 1291 4358 5).
