3558 5493
960 820 1101 890 310

957 1278 1086 1350 311

957 1738 1102 1811 312

959 2200 1099 2270 313

958 2656 1099 2731 314

953 3122 1096 3193 315

953 3696 1094 3768 316

951 4158 1092 4228 317

1912 563 2123 616 GBSTA

1397 721 1475 771 se
1509 694 1879 793 reliquisse
1914 694 2319 771 condolent.

1489 814 1670 888 Cum
1707 810 1954 885 vident
1989 810 2166 887 istos
2201 835 2525 888 crescere

1393 937 1467 1003 et
1502 926 1825 1003 redditus
1861 927 2263 1018 aecclesiae,

1392 1050 1466 1115 et
1500 1041 1657 1117 illos
1691 1067 1820 1117 sua
1855 1040 2160 1141 perdere

1395 1158 1688 1257 aliisque
1726 1155 2136 1248 succedere,

1487 1273 2001 1347 contristantur
2036 1282 2110 1347 et
2144 1272 2464 1371 penitent

1394 1390 1590 1488 quod
1627 1413 1969 1486 umquam
2004 1398 2307 1486 propter
2341 1393 2732 1464 name-em

1394 1504 1761 1578 ecclesiam
1797 1501 2215 1577 dimiserant

1392 1629 1466 1694 et
1499 1620 1808 1695 honores
1843 1617 2327 1716 perdiderant.

1491 1735 1672 1827 Quid
1710 1734 1809 1809 illi
1844 1733 2135 1809 tandem
2170 1734 2475 1809 faciunt?

1392 1849 1481 1924 ad
1521 1848 1943 1923 Galcherum
1977 1848 2394 1947 episcopum

1393 1965 1541 2040 fere
1577 1989 1830 2039 omnes
1858 1964 2008 2063 jam
2043 1964 2373 2053 redeunt,

1393 2081 1546 2179 ejus
1583 2103 1903 2154 amorem
1937 2088 2294 2177 repetunt.

1493 2200 1812 2285 Querunt
1846 2193 2433 2285 misericordiam,

1393 2317 1602 2383 orant
1639 2318 1718 2383 ut
1756 2309 1861 2384 eis
1892 2310 2265 2408 propriam

1393 2424 1628 2500 redire
1663 2424 1755 2499 ad
1793 2424 2163 2501 ecclesiam

1393 2540 1631 2615 laudet
1667 2566 1800 2639 per
1835 2564 2040 2615 suam
2075 2540 2405 2639 gratiam.

1490 2655 1758 2732 Laudat
1793 2655 2038 2756 presul
2073 2663 2154 2731 ut
2188 2654 2484 2731 oedcant

1390 2773 1842 2871 ecclesiisque
1880 2772 2196 2848 serviant

1391 2898 1604 2988 atque
1640 2913 1770 2963 sua
1804 2887 2192 2963 rehabeant

1390 3004 1573 3078 sicut
1606 3003 1811 3101 prius
1846 3009 2242 3082 tenuerant.

1487 3118 1599 3193 Sic
1636 3116 1726 3191 ad
1763 3118 1962 3192 illum
1996 3117 2307 3218 regressi
2343 3125 2509 3194 sunt

1389 3234 1945 3309 condonatorem
1981 3232 2329 3309 scelerum

1390 3349 1513 3447 qui
1549 3349 1851 3424 fatentes
1886 3348 2277 3448 perjurium

1392 3464 1528 3540 sibi
1564 3464 1882 3564 rejurant
1916 3464 2175 3539 iterum

1388 3579 1606 3654 fidem
1641 3588 1716 3656 et
1750 3579 2206 3681 adjutorium.

1485 3694 1885 3796 Diliguntur
1916 3723 1959 3771 a
1996 3696 2279 3795 presule

1391 3809 1783 3909 scripturae
1821 3811 2305 3886 cohor-tamine

1390 3951 1530 4023 que
1566 3925 1776 4001 docet
1812 3951 2063 4002 omnes
2100 3936 2464 4024 tamquam
2501 3952 2579 4003 se

1389 4041 1708 4118 inimicos
1745 4042 2067 4142 diligere.

1484 4157 1827 4234 Simulant
1861 4167 2100 4233 autem
2136 4156 2369 4232 clerici

1387 4295 1706 4348 amorem
1742 4272 1931 4348 serre
1968 4271 2258 4370 presuli,
