3558 5493
871 592 885 644 Ι
902 592 956 643 18
1825 585 2028 638 GBSTA

862 747 1082 823 opera
1117 731 1189 796 et
1234 743 1431 795 arma
1473 719 1796 793 militaris
1841 717 2218 817 superbiae
2234 721 2252 766 ¹
2269 777 2287 794 .
2336 728 2414 795 In
2460 722 2661 822 cujus
2708 722 2987 797 heredi-

863 848 1079 915 tatem
1130 846 1203 912 et
1264 838 1605 943 honorem
1664 836 1874 910 heres
1931 835 2320 911 succedens
2378 837 2749 936 proximus
2801 838 2987 912 filius

861 980 1030 1031 suus
1080 952 1378 1053 juvenis,
1419 950 1843 1025 Balduinus²
1903 951 2106 1049 quasi
2166 977 2254 1025 ex
2309 952 2700 1028 hereditate
2763 954 2986 1053 patris

857 1071 1221 1147 castellum
1257 1066 1574 1168 possedit
1618 1094 1633 1140 :
1676 1076 1749 1141 et
1787 1067 1970 1141 sicut
2003 1067 2097 1141 de
2131 1077 2361 1165 patre,
2406 1070 2502 1144 ita
2534 1070 2626 1144 de
2656 1071 2803 1144 filio
2835 1095 2987 1144 cas-
3112 1098 3121 1107 ¹

859 1187 1255 1263 tellaturam
1310 1185 1571 1271 tenuit,
1629 1183 1815 1257 facto
1869 1183 2182 1257 hominio
2239 1192 2311 1258 et
2363 1185 2732 1275 fidelitate,
2794 1185 2984 1261 idem

859 1310 1062 1404 Hugo
1099 1301 1540 1375 castellanus.
1582 1304 1728 1374 Hec
1763 1299 1980 1398 igitur
2005 1299 2340 1405 universa
2374 1302 2609 1375 omnia
2646 1302 2986 1400 quoniam

859 1419 1042 1493 facta
1100 1425 1266 1492 sunt
1324 1425 1571 1491 contra
1631 1420 1856 1490 Deum
1910 1423 1984 1489 et
2040 1423 2356 1490 sanctam
2407 1419 2986 1493 cameracensem

858 1534 1250 1623 ecclesiam,
1274 1530 1723 1607 Burchardus
1746 1532 2127 1630 episcopus
2146 1531 2339 1632 juste
2365 1534 2725 1609 consultus
2749 1535 2986 1632 ipsum

858 1649 1047 1747 cepit
1094 1647 1708 1723 excommunicare
1752 1646 2175 1721 Balduinum
2225 1647 2559 1725 comitem
2609 1657 2683 1723 et
2729 1648 2987 1723 cotidie

858 1764 1219 1863 campanis
1256 1762 1672 1838 sonantibus
1714 1770 1877 1836 ante
1915 1762 2358 1837 Dominicum
2404 1789 2668 1862 corpus
2710 1773 2781 1838 et
2826 1788 2989 1839 san-

857 1882 1143 1982 guinem
1171 1880 1464 1954 actitare
1493 1878 2120 1978 proclamationem
2152 1881 2242 1954 ad
2272 1888 2679 1978 presentem
2713 1888 2787 1954 et
2822 1904 2987 1978 per-

859 2004 1148 2097 petuam
1185 1995 1369 2070 illius
1405 1994 1684 2068 comitis
1721 1993 2248 2069 damnationem
2283 2022 2298 2067 :
2342 2004 2416 2069 et
2448 2020 2620 2070 vere
2657 1997 2749 2070 ad
2786 1996 2986 2070 dam-

858 2113 1215 2189 nationem
1236 2110 1624 2186 secundum
1646 2134 1868 2209 opera
1891 2110 2045 2209 ejus
2064 2120 2139 2184 et
2153 2119 2472 2185 nostram
2489 2111 2979 2209 intentionem.

858 2233 1008 2302 Non
1047 2226 1349 2300 multum
1395 2225 1586 2299 enim
1629 2230 1953 2299 moratur
1989 2223 2161 2298 illud
2204 2249 2348 2322 quo
2394 2249 2635 2300 comes
2680 2225 2795 2300 ille
2832 2226 2989 2300 Bal-

859 2343 1141 2430 duinus,
1185 2338 1792 2438 quemadmodum
1827 2347 2033 2437 pater
2069 2363 2240 2415 suus
2274 2341 2630 2415 Robertus
2647 2398 2664 2429 ,
2707 2341 2780 2415 in
2817 2366 2987 2440 pos-

860 2458 1212 2533 sessiones
1249 2463 1533 2530 sanctae
1566 2455 1823 2531 Mariae
1858 2456 2222 2555 ingressus
2237 2514 2254 2545 ,
2298 2456 2613 2554 quodam
2650 2456 2767 2532 die
2804 2458 2987 2532 mili-

859 2573 994 2648 tari
1057 2572 1343 2672 negotio
1403 2571 1930 2648 circumventus
1946 2630 1963 2661 ,
2032 2572 2173 2646 tale
2231 2573 2490 2649 vulnus
2550 2583 2848 2672 repente
2911 2574 2984 2648 in

859 2686 1157 2789 proprio
1189 2686 1503 2785 suscepit
1538 2685 1768 2785 capite
1803 2686 1998 2786 quod
2036 2687 2227 2762 nullo
2250 2688 2496 2786 utique
2532 2689 2765 2788 potuit
2800 2689 2986 2766 salu-

856 2805 1065 2880 tifero
1103 2804 1336 2878 sanari
1371 2802 1904 2878 medicamine&
1958 2802 2122 2878 Pius
2165 2813 2404 2878 tamen
2440 2804 2813 2892 Dominus,
2862 2805 2984 2903 qui

860 2920 1213 2995 neminem
1271 2918 1425 2993 vult
1480 2918 1720 3017 perire
1736 2976 1755 3008 ,
1825 2919 1950 3016 qui
2013 2943 2156 2993 non
2215 2918 2474 2994 letatur
2528 2919 2984 2994 morientium

859 3035 1294 3136 perditione,
1357 3034 1565 3109 nobis
1613 3033 1864 3108 tribuit
1916 3034 2137 3110 fidem
2189 3059 2360 3109 suae
2415 3034 2976 3122 misericordiae,

859 3151 1147 3251 quando
1202 3151 1298 3226 illi
1349 3150 1716 3225 vulnerato
1770 3158 1844 3223 et
1900 3151 2108 3250 plaga
2166 3159 2618 3249 putrescente
2671 3151 2987 3251 graviter

857 3435 913 3492 p.
947 3417 1095 3489 512),
1129 3416 1183 3474 le
1213 3417 1246 3473 5
1279 3415 1509 3475 octobre
1549 3416 1846 3486 (Necroloq.
1883 3415 2226 3486 Aquicinct„
2275 3418 2435 3485 ibid„
2478 3433 2538 3490 p.
2575 3404 2700 3490 504,
2742 3426 2860 3476 not.
2904 3420 2978 3489 5).

930 3509 983 3564 1.
1022 3506 1074 3563 Il
1100 3523 1140 3580 y
1166 3520 1203 3562 a
1227 3504 1519 3579 plusieurs
1546 3504 1809 3562 versions
1841 3520 2002 3563 assez
2031 3503 2285 3563 diverses
2313 3521 2413 3562 sur
2441 3505 2499 3563 la
2522 3512 2677 3563 mort
2699 3505 2776 3563 du
2794 3516 2982 3565 comte

857 3594 1077 3653 Robert
1105 3594 1162 3650 11
1193 3594 1285 3667 (V.
1319 3595 1437 3652 Roc.
1465 3595 1555 3650 des
1583 3595 1724 3650 Hist.
1756 3595 1821 3650 do
1846 3597 1965 3664 Fr„
1996 3601 2040 3651 t.
2072 3594 2244 3668 XIII,
2276 3611 2331 3668 p.
2366 3594 2470 3651 394
2498 3594 2649 3653 med.
2676 3603 2735 3654 et
2752 3602 2873 3653 not.
2907 3598 2976 3668 b).

927 3683 981 3740 2.
1023 3682 1333 3741 Baudouin
1361 3682 1499 3754 VII,
1531 3683 1867 3741 sumomme
1892 3685 2123 3755 Hapkin
2149 3699 2223 3741 ou
2253 3685 2291 3739 ὰ
2318 3686 2377 3740 la
2404 3684 2592 3740 hama.

930 3772 984 3830 3.
1025 3772 1188 3829 Nous
1216 3771 1397 3830 lisons
1417 3770 1489 3831 de
1507 3787 1796 3847 nouveau,
1819 3772 1965 3831 dans
1984 3772 2069 3830 les
2087 3771 2323 3830 anciens
2342 3771 2676 3845 historiens,
2696 3772 2984 3845 plusieurs

860 3860 1117 3921 versions
1145 3861 1260 3920 tres
1289 3862 1546 3921 diverses
1574 3879 1674 3920 sur
1703 3862 1788 3921 les
1816 3879 2017 3922 causes
2046 3862 2119 3919 de
2147 3862 2204 3920 la
2230 3868 2382 3919 mort
2407 3861 2479 3919 de
2508 3860 2813 3920 Beudouin
2841 3861 2978 3920 VII.

856 3953 969 4008 Les
997 3949 1340 4025 principales
1368 3967 1432 4010 se
1460 3958 1731 4009 trouvent
1757 3951 2086 4026 rapportees
2115 3949 2260 4008 dans
2288 3949 2568 4009 l’histoire
2589 3950 2740 4009 dela
2769 3957 2982 4009 restau-

857 4040 1046 4099 ration
1073 4041 1146 4098 de
1171 4039 1430 4114 l'abbaye
1458 4040 1530 4098 de
1560 4038 1972 4098 Saint-Martin
2000 4057 2104 4114 par
2126 4040 2387 4098 Herman
2416 4040 2490 4098 de
2516 4039 2795 4114 Toni-nai,
2835 4040 2980 4099 dans

857 4131 914 4187 la
939 4128 1051 4187 Vie
1078 4128 1156 4187 du
1184 4128 1253 4186 B.
1288 4127 1523 4186 Charles
1553 4129 1606 4187 le
1638 4129 1768 4188 Bon
1798 4146 1901 4203 par
1931 4129 2242 4201 Gauthier,
2282 4129 2427 4187 dans
2466 4130 2524 4189 la
2550 4130 2880 4205 Chronique
2908 4129 2980 4187 de

857 4218 1261 4277 Saint-Bertin
1301 4235 1405 4292 par
1443 4219 1593 4277 Jean
1633 4218 1878 4293 d’Ypres
1919 4225 1979 4277 et
2017 4218 2162 4276 dans
2206 4216 2501 4278 l’Histoire
2547 4219 2980 4294 ecclesiastique

857 4304 1150 4365 d'Orderic
1179 4306 1335 4365 Vital
1364 4311 1567 4382 (comp.
1600 4311 1716 4366 Rec.
1748 4311 1839 4365 des
1868 4310 2009 4365 Hist.
2041 4310 2105 4364 de
2131 4310 2245 4375 Fr„
2282 4315 2323 4364 t.
2359 4309 2543 4381 XIII,
2584 4326 2639 4382 p.
2681 4309 2806 4382 396,
2849 4309 2973 4381 336,

859 4394 961 4453 463
989 4403 1048 4454 et
1075 4397 1209 4454 ibid.
1243 4404 1381 4456 note
1407 4400 1474 4469 c).
