3558 5493
1407 614 1746 669 Gru-cml.
2574 609 2635 663 43

515 752 664 831 243
1055 749 1267 825 Fulco
1302 748 1520 825 libras
1558 747 1920 848 sexaginta

956 875 1030 941 et
1064 864 1462 940 Amolricus
1493 863 1784 967 triginta

956 980 1336 1080 multique¹
1377 978 1597 1054 multa
1633 977 1768 1053 alia

958 1096 1054 1172 ob
1090 1096 1223 1171 hec
1255 1094 1520 1171 habent
1552 1092 1889 1170 facinora.

513 1212 664 1293 244
1053 1216 1357 1310 Propter
1391 1210 1631 1286 datam
1665 1207 2041 1308 pecuniam

954 1336 1125 1403 tunc
1158 1329 1515 1403 affirmant
1546 1325 2028 1425 francigenam

952 1443 1256 1518 multum
1291 1452 1567 1518 secreto
1602 1441 2035 1517 Manassem²

953 1559 1027 1633 in
1065 1559 1434 1635 dominum
1468 1567 1541 1633 et
1577 1558 1966 1657 presulem.

512 1676 658 1756 245
1049 1678 1151 1750 De
1187 1700 1332 1773 quo
1364 1675 1673 1774 receptis
1707 1673 2003 1773 prediis,

951 1790 1167 1864 terris
1203 1790 1351 1866 suis
1387 1800 1462 1865 et
1496 1789 1732 1878 fiodis,

950 1905 1126 1981 dant
1159 1906 1226 1980 ei
1260 1914 1551 2006 pactum
1585 1904 1755 1980 fidei
1797 1904 1802 1925 ⁴

950 2022 1150 2121 quasi
1184 2046 1314 2097 suo
1341 2022 1491 2123 jam
1528 2019 1825 2121 presuli.

508 2138 657 2219 246
1047 2142 1472 2236 Monentque
1507 2137 1704 2212 illum
1738 2140 2131 2211 Manassem

951 2261 1034 2329 ut
1067 2261 1276 2356 roget
1308 2253 1865 2353 archipresulem

949 2378 1173 2444 totam
1207 2378 1373 2470 post
1408 2369 1591 2444 hanc
1625 2368 1996 2443 ecclesiam

950 2485 1424 2560 imbannizare
1460 2483 1763 2585 patriam
1776 2541 1794 2559 .

505 2600 652 2679 247
1044 2604 1223 2674 Nam
1256 2601 1393 2676 hoc
1423 2601 1561 2677 erit
1595 2601 1874 2675 occasio

948 2715 1038 2792 de
1071 2717 1412 2792 Galchero
1446 2717 1787 2818 episcopo

949 2832 1041 2908 ab
1076 2833 1348 2909 honore
1383 2832 1831 2934 expellendo,

947 2948 1005 3023 si
1041 2949 1257 3047 positi
1295 2957 1460 3024 sunt
1496 2949 1568 3023 in
1604 2947 1868 3023 banno.

501 3063 650 3145 248
1040 3065 1354 3141 Perfecta
1392 3073 1558 3140 sunt
1591 3065 1724 3140 hec
1761 3064 2001 3139 omnia
2044 3091 2060 3136 ε

943 3182 1016 3256 in
1053 3180 1292 3257 banno
1328 3190 1438 3256 est
1472 3181 1812 3256 aecclesia

941 3305 1016 3372 et
1050 3297 1285 3371 omnis
1320 3297 1454 3372 ista
1490 3297 1720 3396 patria

941 3436 1078 3512 pro
1115 3412 1429 3487 Galcheri
1467 3413 1776 3488 infamia.

542 3683 666 3750 Dc
697 3681 962 3751 morte
990 3682 1434 3767 Rasinaldi
1461 3682 1902 3752 Remensis
1937 3682 2570 3766 arcmepiscopi.

494 3914 641 3993 249
1032 3918 1172 3992 Illis
1208 3926 1448 3993 autem
1482 3918 1555 3993 in
1592 3918 1847 3995 diebus

933 4031 1303 4109 defunctus
1339 4043 1448 4109 est
1483 4034 1911 4135 Baginaldus

569 4272 618 4328 1.
659 4275 951 4344 multique.
986 4272 1138 4331 Mots
1164 4272 1339 4332 ecrite
1369 4272 1516 4332 dans
1545 4273 1599 4332 lc
1626 4291 1735 4333 ms.
1768 4274 2080 4334 ain-desum
2108 4275 2179 4334 de
2206 4274 2263 4333 la
2290 4275 2465 4349 ligne.

565 4361 620 4420 2.
662 4363 989 4420 Manassem.
1022 4363 1146 4421 Mot
1172 4363 1361 4437 ajoute
1388 4363 1530 4421 dans
1560 4363 1614 4422 le
1643 4381 1751 4421 ms.
1785 4365 2087 4424 tiu-desem
2116 4365 2188 4424 de
2217 4364 2275 4422 la
2300 4364 2474 4438 ligne.
