3558 5493
986 558 1081 610 212
1939 551 2145 605 casn

1426 686 1822 787 ingemiscit
1857 694 1932 759 et
1966 686 2228 785 cogitat

1426 800 1598 899 quid
1635 800 1865 900 magis
1901 799 2103 897 sequi
2139 797 2420 874 debeat.

987 920 1130 995 268
1523 915 1595 990 Si
1633 914 1828 989 enim
1862 913 2279 989 satisfecerit

1426 1031 1664 1129 nepoti
1703 1055 1835 1104 suo
1871 1029 2168 1130 Symoni

1426 1154 1500 1220 et
1532 1145 1700 1219 hinc
1735 1145 1928 1220 cives
1962 1144 2368 1233 offenderit,

1423 1260 1740 1336 infideles
1776 1259 1911 1335 sibi
1948 1260 2162 1359 parit.

986 1380 1132 1454 269
1521 1381 1609 1452 Et
1646 1378 1706 1451 si
1741 1377 1896 1476 ipse
1933 1375 2303 1450 consilium

1425 1501 1497 1566 et
1533 1493 1711 1566 velle
1748 1492 1915 1567 facit
1949 1492 2237 1580 civium,

1424 1607 1742 1697 offendit,
1785 1608 2100 1705 inquam,
2141 1608 2519 1682 Dominum

1425 1722 1520 1797 ob
1556 1722 1721 1796 fidei
1759 1722 2236 1798 mendacium.

986 1841 1129 1915 270
1524 1843 2027 1917 Verumtamen
2060 1838 2304 1937 presul
2342 1837 2497 1936 ipse

1424 1964 1757 2029 neutrum
1793 1954 2036 2028 valens
2071 1953 2298 2027 facere

1423 2070 1572 2145 sine
1607 2070 1849 2145 verbis
1885 2061 2352 2169 calumpniae,

1427 2186 1578 2261 sine
1615 2186 1820 2285 culpa
1855 2185 2278 2273 discordiae,

988 2306 1118 2380 271
1525 2302 1881 2377 estimavit
1915 2302 2142 2400 majus
2179 2301 2449 2378 bonum

1425 2418 1724 2492 sufferre
1761 2418 1990 2492 minas
2025 2416 2287 2492 civium

1425 2558 1639 2630 quam
1675 2558 1971 2633 peccare
2008 2532 2079 2606 in
2117 2532 2496 2608 Dominum

1425 2657 1724 2749 propter
1758 2648 1925 2722 fidei
1963 2633 2516 2750 transgressum.

986 2769 1133 2844 272
1524 2767 1701 2841 Hinc
1738 2767 2281 2842 Sanctobertum
2314 2765 2564 2840 tribuit

1426 2881 1665 2980 nepoti
1705 2907 1838 2956 suo
1874 2882 2163 2980 Symoni

1426 3021 1637 3071 causa
1673 2997 2066 3072 servandae
2101 2995 2268 3098 fidei

1417 3113 1625 3214 jussu
1661 3112 2195 3212 archiepiscopi.

987 3225 1130 3301 273
1524 3226 1648 3301 His
1682 3227 1923 3300 relatis
1958 3225 2367 3301 rumoribus

1425 3341 1518 3416 ad
1551 3342 1886 3415 comitem
1923 3341 2014 3415 de
2050 3340 2431 3428 Montibus,

1424 3455 1776 3530 festinavit
1813 3455 2125 3531 velocius

1427 3596 1591 3647 cum
1627 3572 2291 3651 Valenceniensibus

989 3685 1137 3763 274
1526 3694 1840 3762 castrum
1875 3686 2046 3762 illud
2082 3711 2430 3786 occupare

1426 3809 1500 3876 et
1534 3801 1815 3877 circiter
1850 3802 2207 3894 obsidere,

987 4040 1405 4101 certainement
1419 4057 1491 4099 en
1512 4041 1705 4115 placer
1722 4058 1837 4099 une
1856 4041 2040 4115 partie
2057 4042 2201 4099 dans
2220 4040 2444 4099 l'annee
2462 4040 2822 4116 precedente,
2836 4039 3101 4116 puisque,

985 4145 1062 4187 au
1092 4129 1454 4204 temoignage
1482 4129 1560 4186 du
1588 4133 1781 4188 meme
1809 4130 2109 4204 Lambert,
2150 4130 2206 4188 la
2232 4130 2592 4203 catastrophe
2617 4129 2718 4204 qui
2745 4130 2853 4188 mit
2881 4130 2962 4187 fin
2988 4146 3105 4188 aux

987 4218 1152 4292 longe
1180 4218 1432 4276 demeles
1465 4226 1627 4277 entre
1655 4220 1914 4295 l'eveque
1944 4227 2002 4277 et
2028 4236 2135 4278 son
2161 4219 2368 4294 peuple
2396 4223 2657 4279 racontes
2692 4219 2800 4294 ici,
2832 4219 3020 4279 arriva
3047 4219 3103 4277 le

990 4309 1054 4364 17
1076 4309 1300 4382 janvier
1331 4309 1467 4368 1138
1501 4311 1703 4384 (comp.
1737 4310 1868 4384 plus
1896 4310 1997 4368 has
2026 4309 2082 4368 la
2108 4315 2243 4368 note
2270 4308 2307 4367 a
2335 4308 2391 4367 la
2418 4316 2519 4368 stt.
2552 4310 2698 4383 411).
