3558 5493
865 541 953 594 140
1820 533 2024 584 GBSTA

860 696 1020 745 rum
1058 668 1277 743 coacti
1316 674 1481 742 sunt
1515 665 1730 739 talem
1768 664 1902 740 sub
1931 669 2075 739 Deo
2106 665 2234 739 sibi
2263 673 2641 764 patronum
2673 690 2974 765 querere

860 786 1060 886 cujus
1095 782 1412 882 potentia
1446 791 1637 855 tanta
1677 781 2009 879 iniquitas
2053 789 2386 879 tantaque
2430 792 2799 881 raptorum
2847 785 2978 856 im-

861 902 1159 976 manitas
1195 906 1424 974 cesset
1460 921 1785 997 regnare.
1838 901 2286 997 Quapropter
2322 899 2721 997 predictum
2755 903 2978 973 Karo-

861 1017 1007 1091 lum
1061 1015 1393 1090 comitem
1446 1011 1934 1087 Flandriarum
1989 1011 2126 1087 sibi
2180 1015 2695 1088 constituerunt
2751 1013 2978 1087 domi-

860 1132 1066 1206 num¹
1089 1189 1107 1219 ‚
1186 1129 1276 1204 ad
1350 1129 1735 1204 vindictam
1810 1128 2342 1203 malefactorum
2358 1188 2375 1218 ,
2454 1128 2735 1205 laudem
2803 1155 2978 1204 vero

859 1248 1213 1322 bonorum
1244 1273 1260 1319 :
1292 1245 1558 1344 quippe
1586 1269 1803 1342 quem
1839 1245 2472 1320 circummanentes
2505 1245 2980 1320 formidabant

858 1362 1217 1463 predones
1251 1370 1616 1459 tamquam
1654 1360 2070 1435 tonitruum.
2123 1364 2275 1451 Quo
2322 1362 2731 1460 frequenter
2771 1361 2980 1436 istam

860 1489 1128 1555 terram
1172 1479 1501 1553 visitante
1543 1486 1614 1551 et
1660 1476 1750 1552 de
1803 1478 2073 1552 cunctis
2119 1478 2686 1553 malefactoribus
2729 1503 2980 1576 pacem

858 1595 1178 1683 faciente,
1217 1594 1526 1669 cultores
1553 1591 1643 1667 ad
1671 1593 1873 1667 villas
1898 1592 2226 1684 redeunt,
2262 1595 2415 1670 loca
2442 1594 2724 1669 deserta
2749 1594 2975 1668 coloni

859 1720 1189 1811 repetunt
1225 1738 1240 1784 z
1283 1735 1418 1810 pro
1454 1709 1733 1784 comitis
1770 1708 2093 1785 custodia
2130 1711 2465 1810 pacisque
2502 1710 2727 1785 leticia
2762 1709 2976 1784 oblita

859 1836 968 1903 est
1006 1836 1201 1904 retro
1239 1827 1476 1903 habita
1513 1826 1744 1901 omnis
1778 1825 2069 1901 malitia.

964 1957 1096 2023 12.
1153 1955 1479 2028 Ceterum
1515 1951 1692 2024 infra
1728 1950 2130 2025 biennium²
2156 1958 2457 2050 propter
2482 1958 2808 2025 nostrum
2835 1951 2978 2025 for-

857 2078 1043 2142 tasse
1081 2076 1451 2167 peccatum
1485 2066 1716 2141 ablata
1752 2075 1863 2141 est
1887 2094 1929 2141 a
1956 2066 2161 2141 nobis
2198 2074 2399 2142 tanta
2433 2066 2872 2167 prosperitas
2907 2076 2980 2141 et

858 2184 1140 2259 diabolo
1199 2183 1575 2283 instigante
1630 2182 1721 2256 ad
1769 2191 2056 2282 tempus
2106 2183 2450 2282 prevaluit
2501 2183 2976 2282 superborum

858 2299 1213 2398 iniquitas.
1256 2298 1603 2375 Comitem
1647 2297 1839 2373 enim
1874 2299 2247 2388 Karolum,
2298 2324 2432 2397 per
2465 2322 2682 2397 quem
2718 2298 2808 2373 ad
2846 2324 2977 2374 nos

858 2442 1000 2516 pax
1026 2415 1162 2489 leta
1190 2412 1680 2503 descenderat,
1710 2413 1903 2512 apud
1930 2415 2228 2516 Brugias
2253 2414 2702 2490 tradiderunt
2724 2415 2972 2489 morti³

856 2529 1180 2607 homines
1233 2529 1342 2605 sui
1390 2529 1796 2628 proditores
1845 2530 2079 2629 impii,
2144 2530 2213 2604 in
2272 2530 2809 2630 quadragesima
2824 2588 2843 2619 ,
2903 2530 2974 2603 in

857 2647 1192 2724 aecclesia
1225 2646 1349 2722 Dei
1388 2655 1462 2722 et
1496 2645 1681 2721 beati
1720 2646 1971 2720 Donati
2007 2645 2299 2720 missam
2336 2673 2427 2722 ex
2471 2646 2678 2722 solito
2717 2645 2975 2720 devote

858 2763 1261 2840 audientem
1288 2771 1361 2839 et
1386 2763 1569 2839 facta
1605 2762 1958 2838 oblatione
1994 2762 2347 2837 sacerdoti
2383 2771 2454 2837 et
2490 2771 2784 2838 extenso
2816 2786 2976 2852 cor-

856 2906 1034 2979 pore
1081 2888 1243 2955 ante
1294 2867 1595 2955 sacrum'
1625 2879 1845 2954 altare
1890 2879 2269 2954 Dominum
2318 2888 2758 2955 exorantem.
2812 2882 2973 2953 Mox

930 3131 980 3185 1.
1020 3128 1259 3204 D‘apres
1289 3128 1561 3186 Lambert
1587 3126 1658 3183 de
1689 3126 2014 3199 WatreloS‚
2058 3143 2124 3186 ce
2164 3128 2250 3184 fut
2275 3127 2512 3185 Charles
2542 3126 2848 3184 lui-meme
2875 3127 2975 3202 qni

854 3217 1141 3276 demanda
1166 3218 1201 3275 a
1231 3218 1573 3291 l'empereur
1600 3215 1657 3273 la
1689 3217 2012 3290 seigneurie
2042 3217 2119 3274 du
2150 3216 2479 3274 Cambresis
2508 3223 2567 3273 et
2591 3216 2835 3288 l’obtint,
2865 3217 2900 3275 a
2922 3216 2977 3275 la

850 3306 1065 3380 grande
1088 3306 1206 3380 joie
1234 3306 1311 3362 du
1342 3304 1550 3379 peuple
1580 3311 1640 3362 et
1666 3304 1743 3361 du
1773 3304 1980 3378 clergo.
2025 3304 2186 3362 Cette
2214 3304 2549 3363 concession
2588 3312 2676 3363 est
2702 3305 2976 3380 marquee

852 3395 998 3452 dans
1026 3394 1110 3452 les
1131 3393 1393 3452 Annales
1414 3393 1486 3450 de
1505 3392 1777 3451 Lamhert
1804 3393 1839 3449 a
1865 3392 1979 3451 l’an
2003 3393 2160 3452 1122.
2196 3396 2432 3451 Karalus
2462 3411 2633 3450 comes
2652 3397 2968 3462 flandriae,

853 3482 1010 3540 dit-il
1028 3525 1044 3553 ,
1083 3485 1182 3539 hoc
1206 3500 1358 3539 anno
1385 3485 1701 3539 dominium
1733 3483 2021 3540 Gameraci
2047 3485 2117 3539 ab
2146 3486 2481 3553 imperatore
2509 3484 2746 3539 Henrioo
2776 3488 2968 3556 petiit,

853 3576 954 3644 qui
980 3576 1032 3628 ei
1058 3575 1194 3628 satis
1222 3573 1597 3628 amicabiliter
1626 3575 1901 3629 concessit.
1939 3573 2085 3628 Unde
2119 3587 2233 3628 non
2260 3572 2474 3627 modica
2504 3575 2683 3628 lotitia
2710 3574 2775 3628 de
2801 3575 2973 3630 domi·

854 3668 994 3717 natu
1023 3666 1139 3732 ejus
1168 3663 1377 3717 civibus
1407 3664 1610 3717 nostris
1638 3668 1687 3717 et
1716 3665 1877 3718 cleris
1905 3664 2047 3732 suit;
2090 3677 2224 3716 nam
2260 3661 2417 3717 valde
2443 3664 2635 3717 attriti
2669 3668 2846 3718 erant.
2889 3663 2974 3719 Aa

854 3755 1012 3821 cnjus
1030 3752 1331 3806 adventum
1351 3767 1478 3807 mox
1495 3755 1686 3808 omnia
1704 3754 1892 3808 sedata
1910 3756 2042 3807 sunt
2062 3748 2374 3818 (Lamhert.
2398 3749 2717 3822 Watrelos‚
2739 3768 2795 3824 p.
2820 3751 2966 3816 513).

924 3839 979 3897 2.
1021 3838 1073 3896 ΙΙ
1101 3857 1142 3913 y
1170 3855 1205 3896 a
1234 3839 1305 3897 ici
1339 3856 1455 3897 une
1485 3839 1906 3912 inexactitude‚
1951 3838 2030 3896 du
2059 3839 2250 3896 moins
2280 3838 2333 3897 si
2361 3838 2476 3896 l’on
2505 3838 2628 3896 s'en
2656 3840 2804 3897 tient
2830 3855 2973 3913 pour

856 3929 911 3986 la
949 3928 1082 3986 date
1123 3927 1225 3987 des
1266 3931 1639 3987 evenements
1683 3927 1976 4003 rapportes
2017 3927 2147 4002 plus
2188 3926 2333 3985 haut
2378 3944 2451 3986 au
2497 3927 2859 4003 temoignage
2897 3927 2971 3985 de

853 4017 1126 4076 Lamhert
1170 4018 1242 4076 de
1282 4017 1597 4075 Watrelos.
1643 4018 1751 4077 Ges
1794 4021 2166 4076 evenements
2213 4016 2421 4075 s’etant
2464 4018 2660 4091 pasees
2703 4032 2779 4074 en
2832 4016 2969 4073 1122

855 4110 1062 4180 (comp.
1094 4105 1150 4164 la
1178 4113 1311 4165 note
1338 4107 1732 4181 precedente),
1771 4108 1816 4165 il
1855 4107 1977 4165 faut.
2014 4113 2269 4179 comptor
2305 4124 2378 4165 au
2407 4107 2601 4165 moins
2628 4113 2828 4181 quatre
2864 4121 2968 4162 ans

849 4196 1078 4271 jusqu'a
1108 4196 1163 4254 la
1188 4203 1341 4253 mort
1366 4197 1438 4254 de
1469 4196 1708 4254 Charles
1740 4197 1792 4254 le
1821 4197 1969 4254 Bon.

930 4286 981 4342 3.
1025 4286 1106 4343 Le
1131 4285 1166 4343 2
1195 4303 1348 4343 mars
1383 4287 1516 4344 1127
1549 4285 1769 4350 (Lamb.
1805 4284 2119 4354 Watrelos,
2150 4302 2204 4358 p.
2242 4285 2381 4354 513).
