3558 5493
1296 583 1638 635 sacuam.
2465 586 2529 638 67

845 716 960 792 hic
994 715 1431 813 interscripsi
1468 713 1629 789 ideo

845 841 927 906 ut
962 831 1187 906 sciant
1221 854 1474 906 omnes
1509 830 1876 929 quomodo

845 956 1317 1023 servaverunt
1351 947 1425 1021 in
1459 946 1727 1022 futuro,

401 1065 550 1137 386
943 1063 1300 1164 conjurati
1337 1071 1831 1139 verumtamen

848 1204 982 1278 per
1016 1179 1365 1279 majorem
1399 1179 1734 1256 fiduciam

837 1294 1091 1395 juvant
1126 1296 1545 1370 Galcherum
1583 1293 1947 1394 presulem

843 1419 1090 1485 contra
1125 1411 1522 1486 Robertum
1557 1410 1924 1497 comitem,

405 1529 548 1598 387
942 1535 1017 1602 et
1053 1533 1435 1625 expectant
1469 1527 1776 1602 fideliter

844 1639 1074 1715 donee
1110 1666 1309 1716 cesar
1343 1642 1714 1717 adveniret

844 1756 1188 1831 Henricus
1223 1782 1356 1831 rex
1391 1757 1722 1831 videlieet

844 1872 965 1969 qui
1005 1897 1083 1948 se
1119 1873 1348 1948 ultum
1381 1878 1815 1948 occurreret.

543 2134 666 2201 De
708 2132 1070 2200 adventu
1106 2133 1639 2215 imperatoris
1680 2132 1765 2199 tn
1802 2134 2018 2199 hane
2053 2132 2389 2199 terram.

405 2356 550 2425 388
941 2351 1150 2429 Venit
1184 2352 1507 2427 tandem¹
1551 2376 1683 2427 rex
1721 2352 2089 2439 Henricus,

846 2467 1236 2566 imperator
1270 2468 1601 2568 egregius

845 2590 918 2656 et
951 2582 1155 2658 miles
1190 2584 1727 2682 potentissimus

843 2699 1038 2773 venit
1071 2698 1143 2773 in
1183 2699 1337 2776 istis
1375 2700 1725 2799 partibus,

405 2818 547 2888 389
941 2814 1240 2889 Intravit
1272 2824 1543 2889 terram
1579 2815 1860 2889 comitis

842 2955 1005 3005 cum
1040 2955 1260 3030 grege
1295 2930 1771 3005 fortitudinis²
1820 2958 1835 3002 ε

842 3047 951 3121 cui
993 3071 1236 3120 comes
1273 3070 1417 3120 non
1455 3046 1689 3144 potuit

845 3163 1177 3237 resistere
1216 3187 1347 3235 nec
1383 3161 1655 3236 debuit.

405 3281 547 3352 390
939 3284 1116 3352 Nam
1152 3279 1369 3352 homo
1407 3279 1634 3378 regis3
1675 3277 1924 3352 aderat

477 3527 528 3582 1.
569 3525 660 3584 En
691 3525 850 3598 1102,
881 3543 954 3583 au
982 3525 1349 3600 temoignage
1377 3525 1518 3583 d’un
1545 3527 1725 3600 grand
1763 3527 2000 3585 nombre
2038 3526 2354 3592 d’Annales
2391 3543 2531 3585 con-

404 3615 794 3688 temporaines
835 3615 1063 3685 (Annal.
1105 3617 1441 3686 Auqmtam',
1477 3617 1624 3675 Mon.
1659 3618 1864 3685 Germ„
1909 3616 2016 3674 SS.
2058 3624 2100 3673 t.
2142 3616 2261 3688 ΠΙ,
2304 3634 2359 3690 p.
2394 3616 2525 3689 135;

401 3701 746 3771 laubienses,
779 3705 939 3771 ibid„
964 3711 1006 3760 t.
1030 3702 1137 3775 IV,
1170 3721 1225 3778 p.
1249 3704 1347 3774 22;
1381 3707 1706 3771 Leodienses,
1731 3707 1890 3773 ibid„
1925 3722 1980 3778 p.
2005 3703 2101 3774 293
2137 3707 2524 3771 Ottenburani,

401 3793 572 3858 ἰωὰ,
617 3799 658 3848 t.
706 3791 782 3862 V,
827 3810 884 3865 p.
931 3791 995 3864 83
1039 3794 1398 3860 Elnonensos,
1448 3795 1616 3860 ἰωὰ,
1661 3810 1717 3866 p.
1765 3795 1832 3851 14
1848 3813 1862 3863 ;
1904 3796 2316 3865 Aquicinctini,
2366 3795 2524 3860 ἰωὰ,

403 3888 446 3936 t.
480 3880 646 3952 XVI,
688 3898 746 3954 p.
777 3881 913 3952 5033
950 3883 1240 3952 Aquenses,
1290 3885 1448 3949 ἰωὰ,
1483 3900 1540 3955 p.
1572 3882 1706 3950 685;
1748 3882 2104 3956 sigebertus,
2145 3885 2303 3954 ἰωὰ,
2348 3892 2390 3941 t.
2423 3881 2528 3953 v1,

401 3987 462 4044 p.
492 3969 596 4026 368
607 3989 622 4038 ;
653 3971 958 4027 Annalista
986 3971 1145 4039 Sua-0,
1183 3973 1341 4039 ἰωὰ,
1376 3987 1432 4044 p.
1466 3971 1611 4042 737).
1643 3971 1756 4028 Les
1778 3972 2042 4030 Annales
2067 3970 2138 4030 de
2157 3971 2531 4030 Vormezeele

402 4058 598 4116 seules
624 4066 934 4134 max-quent
962 4067 1109 4118 cette
1137 4059 1468 4133 expedition
1489 4060 1525 4117 ὲ,
1543 4059 1770 4118 Ιάῃιιόο
1792 4061 1930 4117 1103
1951 4063 2132 4128 (ἰωὰ,
2161 4068 2202 4118 t.
2228 4061 2303 4134 V,
2329 4077 2384 4134 p.
2414 4060 2526 4126 36).

473 4148 530 4206 2.
571 4148 734 4207 Avec
760 4165 876 4205 une
903 4148 1097 4207 armes
1124 4149 1197 4206 de
1227 4150 1367 4207 7000
1403 4149 1696 4223 hommeS,
1738 4151 1970 4208 suivant
2011 4149 2068 4208 la
2094 4150 2429 4224 Chi-unique
2457 4148 2528 4205 de

402 4234 806 4294 Saint-Andre
835 4237 1061 4304 (Chron.
1093 4237 1151 4295 S.
1183 4237 1387 4304 Andr„
1424 4254 1473 4294 c.
1507 4237 1596 4309 23,
1630 4254 1683 4310 p.
1722 4237 1872 4302 545).

477 4324 529 4383 3.
570 4324 652 4382 Le
681 4331 870 4383 comte
898 4323 969 4383 de
996 4325 1243 4383 Flandre
1272 4325 1412 4383 etait
1441 4325 1626 4384 vassal
1655 4325 1726 4384 de
1755 4326 2012 4399 l’empire
2042 4342 2185 4400 pour
2220 4324 2276 4384 la
2312 4326 2529 4399 princi·
