3558 5493
537 989 631 1061 85

534 1451 629 1522 86

534 1918 627 1987 87

532 2374 626 2444 88

533 2837 626 2909 89

535 3302 629 3371 90

530 3763 611 3834 9⁴

1373 509 1709 562 camum.

927 642 1064 717 Iste
1104 642 1296 717 labor
1330 654 1434 717 est
1468 645 1839 731 maximus,

927 758 1354 833 contradicat
1379 758 1507 832 ille
1536 759 1727 833 solus

927 875 1047 971 qui
1081 874 1296 971 fiaes-it
1329 877 1707 973 episcopus.

1025 988 1165 1065 Sed
1202 1014 1368 1065 cum
1401 988 1537 1064 inis
1574 988 1896 1089 angustia

925 1113 1198 1179 crescat
1232 1105 1459 1206 magis
1493 1130 1706 1204 quam
1744 1105 2040 1194 minuat,

924 1220 1253 1319 ignorant
1283 1246 1416 1321 per
1451 1210 1668 1321 quem
1699 1222 1932 1296 valeat

922 1337 1296 1412 reformari
1337 1338 1701 1412 aecclesia.

1022 1456 1340 1543 Querunt
1375 1453 1559 1527 infra
1596 1461 1670 1527 et
1705 1451 2019 1551 undique

921 1592 1139 1666 quem
1174 1568 1454 1643 valeant
1489 1568 1749 1668 eligere

919 1683 1043 1781 qui
1079 1683 1403 1759 hostibus
1435 1684 1812 1759 aecclesiae

923 1799 1149 1899 magis
1184 1798 1412 1898 possit
1446 1799 1808 1874 resistere.

1021 1919 1112 1991 At
1146 1915 1679 2015 circumspectis
1715 1916 2047 1991 omnibus

921 2054 1065 2106 non
1096 2031 1449 2106 invenitur
1481 2031 1778 2107 clericus

920 2143 1044 2243 qui
1079 2168 1302 2243 penas
1336 2171 1499 2221 cum
1535 2146 1973 2222 certantibus

921 2259 1223 2334 sufferre
1260 2269 1478 2358 queat
1510 2260 1765 2336 melius

1018 2398 1236 2471 quam
1270 2375 1601 2450 Galcerus
1637 2374 2055 2473 prelibatus,

922 2490 1045 2588 qui
1081 2501 1191 2565 est
1225 2492 1795 2567 archidiaconus¹

920 2614 1134 2703 atque
1170 2605 1502 2681 defensor
1538 2607 1854 2705 optimus

922 2729 1169 2798 contra
1203 2721 1495 2799 hostiles
1531 2722 1844 2823 impetus
1881 2750 1896 2796 ε

1020 2838 1143 2937 qui
1178 2839 1391 2914 etiam
1426 2841 1837 2939 nuperrime

920 2963 1159 3029 sancte
1196 2955 1405 3062 hujus
1436 2956 1813 3031 aecclesiae

919 3069 1227 3146 invasori
1264 3082 1585 3169 apostate

924 3187 1209 3262 volebat
1237 3189 1745 3265 contradicere.

1022 3306 1193 3378 Erat
1226 3312 1299 3378 et
1333 3329 1544 3380 causa
1579 3305 1712 3379 alia

923 3418 1093 3493 satis
1131 3426 1380 3518 patens
1415 3429 1487 3494 et
1521 3441 1832 3520 congrua

921 3542 1001 3608 ut
1034 3533 1105 3608 in
1144 3542 1384 3609 sancta
1419 3535 1751 3610 aecclesia

920 3646 1140 3724 decus
1174 3674 1510 3751 magnum
1548 3652 1888 3750 optineat.

1015 3769 1193 3839 Nam
1226 3777 1435 3841 natus
1471 3775 1582 3841 est
1618 3766 1960 3841 nobilium

919 3878 1010 3953 de
1041 3904 1303 3980 genere
1338 3883 1782 3981 pontificum,

920 3996 1226 4071 nutritus
1262 3997 1349 4071 ad
1384 3999 1807 4074 Noviomum

557 4246 608 4300 1.
648 4243 846 4318 Gomp.
880 4243 1009 4319 plus
1037 4244 1179 4305 haut
1206 4255 1306 4305 str.
1340 4250 1429 4305 81.

2552 516 2606 567 17
