3558 5493
559 705 654 777 65

552 1287 649 1358 70

554 1868 649 1939 75

552 2445 645 2517 80

548 3024 641 3095 85

550 3604 644 3673 90

1389 564 1752 617 nmmum.
2540 561 2619 615 ¹61

801 701 966 778 hino
1000 724 1342 802 magnum
1375 699 1621 776 odium
1658 699 1918 774 mereri
1956 705 2210 799 potero
2247 725 2266 773 t

898 826 1209 893 attamen
1245 825 1354 892 sat
1390 816 1660 891 dictum
1695 824 1804 891 est
1842 814 2281 913 sapientibus

799 934 1021 1008 vitam
1055 933 1378 1007 heretiei¹
1419 957 1562 1006 non
1599 931 2117 1033 ignorantibus.

896 1050 1245 1126 Tristatur
1280 1050 1520 1148 itaque
1556 1049 1789 1125 clerus
1824 1056 1899 1123 et
1932 1048 2242 1148 populus

798 1166 993 1265 quod
1033 1193 1111 1242 se
1146 1176 1294 1241 tam
1329 1165 1637 1264 turpiter
1670 1173 1927 1240 tracta
1963 1164 2345 1265 episcopus
2389 1191 2408 1238 z

895 1276 1199 1357 invitum
1234 1281 1397 1356 ideo
1433 1290 1807 1357 moventes
1841 1281 2204 1380 presulem

796 1398 887 1474 ad
925 1399 1220 1474 domum
1258 1399 1692 1498 compellunt
1727 1398 1964 1474 redire
1998 1396 2396 1498 propriam.

891 1516 1000 1591 Ad
1035 1514 1344 1613 primam
1378 1514 1641 1590 iterum
1678 1515 1859 1589 iram
1897 1539 2112 1614 quam
2148 1513 2420 1603 habuit,

797 1657 840 1706 a
875 1630 1094 1706 domo
1130 1631 1375 1706 exiens
1407 1631 1701 1706 alteram
1739 1632 1998 1729 repetit
2041 1658 2057 1704 :

895 1746 985 1822 ad
1024 1756 1349 1823 sanctum
1384 1745 1812 1821 Autbertum
1847 1754 2017 1821 tunc
2052 1746 2454 1847 hospitatus
2489 1755 2623 1822 est.

796 1868 898 1939 Ne
933 1863 1129 1939 illum
1166 1863 1407 1939 famuli
1445 1870 1835 1962 sequantur
1866 1861 2198 1960 prohibet
2242 1889 2259 1936 ε

891 1982 1259 2078 tamquam
1294 2004 1430 2077 pro
1467 1977 1794 2055 hostibus
1830 1978 2045 2053 habet
2078 1978 2538 2068 domesticos,

795 2121 978 2195 quos
1011 2095 1206 2171 unde
1241 2095 1484 2170 videat
1517 2121 1662 2170 non
1697 2095 1914 2172 habet
1950 2095 2220 2172 oculos.

892 2211 1149 2288 looiroo
1185 2211 1459 2286 laborat
1496 2211 1648 2313 ejus
1683 2211 2067 2287 crudelitas

793 2329 867 2403 in
905 2352 1033 2403 sua
1063 2327 1257 2403 curia
1295 2353 1384 2403 ne
1422 2327 1514 2402 sit
1550 2327 1934 2404 hereditas.

893 2443 1070 2519 Hine
1106 2444 1306 2543 prius
1342 2443 1602 2518 invasit
1636 2444 1857 2518 curtis
1892 2441 2407 2542 prepositum²‚

797 2557 1188 2634 defendens
1224 2584 1314 2633 ne
1350 2583 1557 2634 suum
1596 2569 1758 2659 agat
1793 2559 2130 2646 officium,

884 2674 1274 2778 juransque
1308 2701 1443 2776 per
1480 2675 1735 2753 Christi
1773 2699 2036 2774 corpus
2073 2685 2144 2751 et
2181 2673 2599 2776 sanguinem

794 2792 990 2889 quod
1025 2793 1552 2890 preposituram
1590 2816 1729 2865 non
1769 2789 2040 2865 tenebit
2075 2815 2275 2865 suam
2321 2816 2340 2863 t

890 2932 1057 2981 nam
1093 2908 1320 2982 credit
1358 2907 1551 3005 quod
1591 2907 1807 2982 istum
1845 2908 1905 2981 si
1943 2904 2383 3005 deposuerit,

792 3030 1068 3097 ceteros
1102 3022 1355 3097 leviter
1389 3022 1931 3098 exhereditavit.

890 3139 1218 3212 Attamen
1254 3137 1328 3212 in
1365 3161 1645 3215 cassum
1670 3137 1866 3237 jurat
1899 3145 1972 3212 et
2005 3135 2309 3225 laborat,

791 3253 925 3329 sibi
963 3253 1285 3328 inimicos
1319 3262 1588 3329 temere
1620 3261 1990 3352 comparat
2025 3280 2041 3326 ε

890 3369 1027 3445 hoe
1062 3369 1252 3445 enim
1289 3369 1608 3445 serviens
1644 3370 1949 3470 perdere
1987 3393 2131 3443 non
2167 3366 2357 3443 valet

790 3486 1218 3562 hereditario
1255 3487 1451 3587 quod
1480 3486 1640 3586 jure
1674 3485 2021 3584 possidet.

891 3607 1088 3677 Nune
1123 3603 1340 3678 habet
1375 3602 1617 3677 odium
1655 3603 1745 3677 de
1784 3601 2280 3689 servientibus,

790 3716 1004 3792 habet
1040 3727 1112 3793 et
1148 3719 1240 3794 de
1277 3720 1468 3794 clero
1504 3727 1718 3817 atque
1757 3718 1849 3792 de
1887 3717 2162 3792 civibus
2208 3744 2223 3790 ε

571 3955 623 4011 1.
662 3954 748 4011 Le
774 3961 957 4012 terme
984 3955 1059 4013 de
1086 3958 1392 4014 haereticus
1420 3956 1563 4014 etait
1589 3956 1857 4030 employe
1885 3954 1920 4012 ὲ
1945 3960 2092 4014 cette
2122 3954 2342 4028 epoque
2371 3952 2517 4011 dans
2543 3967 2625 4009 un

498 4059 633 4101 sens
661 4043 775 4102 fort
800 4043 974 4117 large.
1015 4045 1067 4103 Il
1094 4046 1312 4104 semble
1343 4046 1620 4120 signifier,
1653 4060 1879 4102 comme
1917 4044 1972 4101 le
2009 4051 2193 4101 terme
2227 4048 2503 4114 apostata,
2543 4057 2625 4098 un

499 4130 732 4189 homme
759 4132 1037 4208 coupable
1065 4132 1136 4191 de
1165 4135 1582 4208 prevarication
1610 4141 1808 4192 contre
1837 4132 1921 4189 les
1951 4130 2058 4189 lois
2089 4130 2314 4188 divinas
2342 4145 2417 4187 ou
2444 4126 2625 4187 eccle-

497 4220 826 4296 siastiques.

569 4309 623 4366 2.
665 4309 866 4384 Comp.
899 4312 1302 4379 Introduction,
1335 4328 1498 4370 num.
1533 4312 1621 4369 30.

2330 4399 2397 4478 ,ιι
