3558 5493
1383 560 1664 613 Nlooul.
2490 565 2544 618 21
2557 566 2578 617 1

462 696 593 772 26⁴
999 696 1316 782 Querunt
1348 693 1758 767 firmitatem
1791 694 1985 791 pacis

900 831 1038 906 pro
1070 815 1422 905 potestate
1459 807 1785 907 Symonis

899 931 974 998 et
1008 948 1145 1022 pro
1180 924 1450 998 cunctis
1484 922 1788 999 inimicis

899 1039 1096 1114 salvo
1133 1039 1403 1114 honore
1438 1039 1771 1138 presulis.

460 1156 606 1232 262
996 1160 1150 1229 Non
1187 1155 1377 1230 enim
1413 1155 1663 1230 volunt
1696 1154 1919 1230 minui

899 1270 1242 1345 honorem
1279 1270 1389 1344 sui
1425 1269 1697 1345 domini

899 1385 1027 1460 sed
1063 1394 1143 1459 ut
1173 1385 1245 1459 in
1283 1411 1458 1484 pace
1494 1385 1731 1461 stabili

896 1500 988 1575 ab
1021 1500 1335 1598 undique
1369 1501 1511 1576 sint
1544 1500 1788 1600 positi.

454 1618 600 1694 263
990 1622 1241 1693 Jurant
1277 1639 1527 1691 omnes
1562 1615 2059 1705 communiter,

895 1730 1048 1829 ipse
1085 1730 1553 1806 Montensium
1589 1754 1832 1805 comes

895 1855 971 1920 et
1005 1847 1221 1920 casati
1257 1855 1330 1921 et
1366 1845 1627 1922 milites

896 1969 1109 2060 atque
1144 1962 1500 2038 cameraci
1536 1961 1754 2052 civeS‚

457 2074 604 2155 264
994 2077 1189 2175 quod
1225 2102 1479 2153 eorum
1512 2077 1738 2152 hostis
1771 2076 1908 2151 erit

896 2192 1017 2291 qui
1054 2192 1417 2268 castellum
1454 2192 1894 2268 Sanctoberti

894 2308 1190 2384 introire
1226 2309 1746 2407 presumpserit

895 2425 1029 2500 nisi
1062 2426 1195 2525 ipsi
1237 2426 1717 2502 concesserint
1759 2453 1777 2501 τ

452 2544 598 2620 265
990 2549 1064 2616 et
1098 2540 1264 2616 inde
1300 2568 1378 2617 se
1414 2543 1836 2617 alterutrum

890 2656 1189 2732 viriliter
1223 2655 1662 2757 adjuvabunt

891 2780 965 2846 et
998 2771 1268 2846 tamdiu
1304 2772 1845 2848 Sanctobertum

892 2887 1261 2961 unanimes
1299 2885 1729 2961 obsidebunt

452 3006 598 3081 266
990 3002 1218 3076 donec
1250 3001 1434 3076 fame
1472 3001 1859 3076 defecerint

891 3117 1015 3217 qui
1047 3127 1360 3192 castrum
1395 3115 1859 3192 custodierint

889 3242 1010 3308 aut
1046 3258 1123 3308 se
1160 3233 1327 3309 victi
1362 3231 1808 3307 reddiderint

889 3373 1073 3447 quos
1106 3339 1545 3449 repugnasse
1583 3347 1941 3423 noverint.

897 3604 1022 3671 De
1068 3603 1493 3672 obsidione
1542 3601 2126 3670 Sanctoherw.

452 3831 598 3906 267
989 3837 1177 3932 Ergo
1214 3833 1455 3931 presul
1493 3838 1875 3931 propterea

891 3969 1147 4045 magna
1183 3970 1476 4044 pressus
1511 3946 1833 4046 angustia

525 4210 575 4267 1.
609 4210 721 4269 Les
749 4209 1124 4268 &venements
1151 4212 1252 4284 qui
1281 4211 1517 4269 suivent
1544 4210 1663 4284 (str.
1694 4209 1934 4269 267-str.
1966 4211 2089 4283 446)
2123 4218 2254 4269 sont
2279 4210 2572 4286 rapportes

452 4314 554 4371 par
580 4298 856 4357 Lambert
880 4298 952 4356 de
979 4297 1275 4358 Watrelos
1303 4300 1337 4357 ὖ.
1364 4299 1589 4358 Ιάηῐιέθ
1619 4298 1755 4356 1138
1789 4299 1862 4372 (ρ.
1887 4299 2172 4372 514-515);
2204 4300 2351 4358 mais
2379 4299 2417 4356 il
2451 4299 2574 4359 faut
