3558 5493
907 596 1003 649 230
1858 589 2064 642 GBSTA

1350 733 1513 800 ante
1550 748 1751 799 suam
1787 723 2219 821 presentiam

913 849 1053 919 387
1446 839 1803 915 concessis
1838 838 2066 912 firmis
2101 838 2347 913 treviis

1350 956 1440 1030 de
1476 954 1808 1029 omnibus
1843 952 2144 1028 inimicis

1351 1095 1578 1170 prope
1613 1070 2029 1169 longe[que]
2071 1069 2348 1168 positis,

914 1193 1054 1264 388
1447 1195 1526 1261 ut
1560 1187 1846 1285 cognito
1880 1185 2039 1260 illos
2067 1183 2256 1284 juste

1352 1301 1781 1377 imbannitos
1816 1301 2138 1376 extitisse

1316 1415 1490 1516 'jam
1528 1415 1826 1515 profecti
1859 1414 2213 1490 tutissime

1351 1533 1485 1607 tuti
1524 1540 1822 1631 possent
1856 1539 1930 1605 et
1965 1530 2228 1606 redire.

917 1653 1056 1724 389
1449 1648 1657 1747 Apud
1695 1646 2270 1722 archidiaconum

1352 1763 1524 1840 dant
1558 1763 1753 1839 cives
1788 1763 2273 1838 vadimonium

1324 1879 1704 1955 subeundi
1733 1877 2080 1979 judicium

1351 1995 1442 2070 de
1477 1995 1687 2093 culpa
1720 2018 1966 2068 rerum
2003 1993 2345 2081 omnium,

918 2114 1058 2190 390
1453 2110 1582 2185 sed
1615 2110 1751 2184 nisi
1790 2108 1881 2184 de
1918 2109 2318 2183 communia

1356 2226 1602 2300 nolunt
1636 2226 1896 2300 offerre
1933 2223 2198 2299 trevias

1352 2337 1429 2414 et
1462 2339 1595 2414 nisi
1630 2339 1721 2416 de
1758 2338 2006 2413 militia

1352 2478 1495 2554 que
1530 2454 1620 2529 ad
1658 2479 1784 2528 eos
1815 2452 2190 2552 pertineat.

918 2571 1045 2643 394
1456 2568 1726 2659 Quibus
1764 2567 1986 2643 inscio
2022 2568 2279 2642 comite

1359 2682 1600 2781 presul
1635 2683 1893 2759 timens
1931 2706 2007 2757 se
2045 2680 2338 2758 credere

1357 2797 1448 2872 ad
1485 2798 1643 2873 illos
1683 2806 1947 2873 statuto
1985 2798 2100 2873 die

1358 2940 1500 2989 non
1539 2915 1888 3014 presumit
1924 2913 2289 2990 accedere.

918 3033 1063 3108 392
1456 3036 1598 3105 Nec
1636 3030 1728 3105 de
1765 3030 1923 3130 ipso
1959 3039 2108 3104 tam
2144 3029 2442 3106 timebat

1357 3138 1573 3244 quam
1606 3144 1696 3221 de
1731 3145 1869 3220 illis
1905 3170 2089 3243 quos
2124 3145 2410 3221 volebat

1356 3285 1600 3336 secum
1636 3284 1795 3335 esse
1831 3259 1921 3334 ad
1960 3260 2216 3357 placita

1359 3376 1781 3451 alterutrum
1816 3375 2186 3473 disposita.

920 3493 1062 3564 393
1457 3496 1648 3566 Tunc
1682 3490 1970 3589 quando
2006 3491 2199 3565 cives
2234 3491 2529 3567 audiunt

1361 3630 1502 3680 non
1537 3607 1782 3680 venire
1819 3606 2237 3706 episcopum

1357 3729 1570 3820 atque
1606 3721 1704 3796 ini
1741 3722 1833 3797 ad
1869 3722 2211 3822 placitum

1359 3836 1710 3935 proficisci
1745 3839 1976 3937 parati
2015 3848 2206 3926 sunt,

922 3950 1065 4026 394
1455 3953 1895 4029 conclamant
1930 3955 2065 4030 sibi
2103 3954 2356 4054 injuste

1360 4070 1953 4146 christianismum
1989 4071 2240 4145 tollere

1358 4185 1855 4284 immeritoque
1886 4186 2189 4285 perdere

1351 4301 1514 4400 jura
1550 4300 1726 4402 legis
1761 4301 2165 4377 catholicae.
