3558 5493
909 561 994 613 144
1870 560 2070 611 GESTA

956 700 1047 775 42
1296 694 1723 770 Gualcherus
1760 694 1880 768 ubi
1916 694 2008 768 sit
2043 718 2246 768 cesar
2283 695 2697 796 interrogat.

1192 810 1429 911 Legati
1466 809 1904 908 respondent
1946 837 1961 883 z
2018 810 2307 886 Tornaci
2343 810 2629 886 habitat.

1193 931 1327 1016 Ire,
1367 925 1718 1001 adducere
1755 951 1887 1000 rex
1921 910 2056 1000 illis
2094 927 2422 1024 imperat,

1192 1041 1460 1117 donum
1495 1040 1814 1138 recipere
1850 1039 2057 1116 citius
2087 1042 2348 1116 veniat.

950 1163 1039 1232 ⁴3
1286 1156 1411 1232 Cui
1448 1181 1612 1231 cum
1647 1157 1955 1232 afferunt
1990 1182 2358 1233 assensum
2394 1157 2668 1258 regium

1187 1283 1259 1349 et
1290 1274 1471 1350 velle
1508 1273 1756 1372 populi
1793 1276 2403 1350 cameracensium

1189 1391 1307 1488 qui
1341 1389 1539 1465 illum
1572 1399 1910 1465 revocant
1945 1390 2037 1466 ad
2073 1391 2541 1490 episcopium,

1185 1530 1524 1606 magnum
1559 1505 1691 1581 sibi
1729 1515 1983 1605 putant
2017 1506 2269 1581 afferre
2307 1506 2672 1607 gaudium.

945 1620 1038 1694 44
1283 1623 1373 1696 At
1402 1621 1516 1696 ille
1551 1621 1865 1696 reddidit
1899 1623 2163 1723 gratias
2198 1623 2492 1722 populo,

1183 1735 1311 1812 sed
1345 1738 1595 1835 procul
1633 1737 1919 1836 pellitur
1955 1738 2146 1839 regis
2183 1739 2549 1815 concessio

1184 1878 1318 1952 pro
1356 1878 1500 1951 quo
1538 1854 1784 1952 pulsus
1821 1862 1974 1927 erat
2009 1854 2101 1928 de
2137 1854 2502 1952 pontificio

1179 1969 1272 2044 ad
1309 1993 1516 2045 suum
1555 1969 1865 2045 dedecus
1897 1970 1987 2044 ab
2025 1971 2441 2068 apostolico.

939 2091 1031 2160 ⁴5
1278 2086 1539 2161 Retulit
1577 2087 1791 2161 etiam
1826 2086 2077 2186 legatis
2113 2086 2278 2161 talia
2319 2114 2334 2159 ε

1180 2201 1503 2299 Commii,
1546 2201 1832 2290 domini,
1874 2226 2096 2276 mores
2133 2214 2201 2277 et
2236 2227 2444 2301 opera

1171 2328 1567 2415 vestrosque
1603 2321 1867 2392 animos
1903 2330 1971 2392 et
2006 2342 2145 2417 qua
2180 2319 2471 2416 fallacia

1174 2455 1293 2506 vos
1329 2455 1433 2506 me
1468 2455 1794 2530 reponere
1828 2433 2042 2506 vultis
2081 2433 2171 2507 ad
2209 2456 2446 2507 onera.

934 2549 1025 2621 16
1272 2547 1413 2622 Pro
1450 2548 1642 2622 nullo
1680 2547 1958 2638 honore,
1994 2573 2125 2646 pro
2161 2550 2354 2624 nullo
2392 2548 2726 2624 commodo

1177 2663 1267 2737 ad
1295 2687 1571 2763 puqnas
1610 2674 1677 2739 et
1718 2664 1876 2740 lites
1914 2665 2144 2740 redire
2181 2667 2403 2765 capia,

1165 2803 1296 2878 pro
1330 2781 1519 2855 vobis
1553 2783 1808 2856 iterum
1844 2782 2090 2880 deponi
2124 2806 2352 2870 caveo,

1172 2898 1527 2994 magistris
1555 2898 1825 2995 placeo,
1873 2899 2052 2973 absit
2088 2899 2394 2996 offerin.

1332 3143 1457 3209 De
1500 3144 1877 3210 Johanne
1922 3142 2538 3210 archidiacono.

929 3362 1018 3431 ⁴7
1267 3364 1460 3434 Tunc
1495 3358 1786 3457 quidam
1816 3359 2167 3436 «Iohannes
2201 3359 2762 3450 archidiaconus,

1167 3473 1257 3548 de
1293 3473 1568 3574 magnis
1603 3474 1792 3548 inter
1828 3500 1959 3549 nos
1994 3484 2196 3549 ortus
2231 3475 2670 3573 parentibus,

1164 3589 1593 3687 quibusdam
1628 3616 1876 3665 eorum
1914 3590 2511 3667 instimulantibus

1165 3705 1437 3780 laborat
1472 3706 1857 3805 plurimum
1893 3716 1973 3782 ut
2009 3707 2101 3782 sit
2136 3707 2540 3806 episcopus.

926 3825 1015 3894 48
1259 3825 1632 3898 Monentur
1667 3823 1902 3897 clerici
1941 3832 2021 3898 ut
2057 3848 2222 3900 eum
2257 3824 2520 3923 eligant

1162 3935 1501 4036 illumque
1538 3939 1899 4037 presulem
1935 3940 2068 4016 sibi
2106 3939 2500 4040 preficiant.

1162 4052 1408 4128 Clerici
1445 4055 1767 4130 nesciunt
1799 4057 1971 4154 quid
2002 4057 2167 4132 hinc
2202 4054 2707 4155 respondeant,

1162 4192 1326 4244 cum
1361 4169 1573 4245 nimis
1600 4171 1937 4270 juvenem
1973 4173 2169 4247 illum
2206 4171 2570 4271 aspiciant.

776 4301 782 4306 ·
921 4289 1011 4358 49
1259 4284 1437 4374 Quid
1475 4286 1609 4360 hoc
1646 4287 1997 4363 silendum
2034 4288 2187 4362 est?
2224 4288 2448 4387 patris
2485 4285 2834 4361 sollertiae
