<?xml version="1.0" encoding="UTF-8"?>
<!DOCTYPE html PUBLIC "-//W3C//DTD XHTML 1.0 Transitional//EN"
    "http://www.w3.org/TR/xhtml1/DTD/xhtml1-transitional.dtd">
<html xmlns="http://www.w3.org/1999/xhtml" xml:lang="en" lang="en">
 <head>
  <title>
</title>
<meta http-equiv="Content-Type" content="text/html;charset=utf-8" />
  <meta name='ocr-system' content='tesseract 3.04.00' />
  <meta name='ocr-capabilities' content='ocr_page ocr_carea ocr_par ocr_line ocrx_word'/>
</head>
<body>
  <div class='ocr_page' id='page_1' title='image "./gestesdesvquesd00unkngoog_0272.png"; bbox 0 0 3558 5493; ppageno 0'>
   <div class='ocr_carea' id='block_1_1' title="bbox 938 581 2101 658">
    <p class='ocr_par' dir='ltr' id='par_1_1' title="bbox 938 581 2101 658">
     <span class='ocr_line' id='line_1_1' title="bbox 938 581 2101 658; baseline -0.008 0"><span class='ocrx_word' id='word_1_1' title='bbox 938 581 1033 658; x_wconf 65' lang='lat' dir='ltr'><strong>ms</strong></span> <span class='ocrx_word' id='word_1_2' title='bbox 1900 599 2101 650; x_wconf 68' lang='lat' dir='ltr'><strong>essu</strong></span> 
     </span>
    </p>
   </div>
   <div class='ocr_carea' id='block_1_2' title="bbox 1378 733 2477 1042">
    <p class='ocr_par' dir='ltr' id='par_1_2' title="bbox 1378 733 2477 1042">
     <span class='ocr_line' id='line_1_2' title="bbox 1378 733 2477 836; baseline -0.005 -24"><span class='ocrx_word' id='word_1_3' title='bbox 1378 737 1808 836; x_wconf 81' lang='lat' dir='ltr'><strong>quicumque</strong></span> <span class='ocrx_word' id='word_1_4' title='bbox 1841 742 2033 808; x_wconf 86' lang='lat' dir='ltr'><strong>amat</strong></span> <span class='ocrx_word' id='word_1_5' title='bbox 2068 733 2477 831; x_wconf 81' lang='lat' dir='ltr'><strong>proximum</strong></span> 
     </span>
     <span class='ocr_line' id='line_1_3' title="bbox 1381 848 2360 949; baseline -0.004 -23"><span class='ocrx_word' id='word_1_6' title='bbox 1381 860 1457 927; x_wconf 87' lang='lat' dir='ltr'><strong>et</strong></span> <span class='ocrx_word' id='word_1_7' title='bbox 1490 851 1917 949; x_wconf 86' lang='lat' dir='ltr'><strong>quicumque</strong></span> <span class='ocrx_word' id='word_1_8' title='bbox 1948 848 2116 923; x_wconf 81' lang='lat' dir='ltr'><strong>facit</strong></span> <span class='ocrx_word' id='word_1_9' title='bbox 2149 871 2360 923; x_wconf 91' lang='lat' dir='ltr'><strong>suum</strong></span> 
     </span>
     <span class='ocr_line' id='line_1_4' title="bbox 1380 965 2240 1042; baseline -0.005 0"><span class='ocrx_word' id='word_1_10' title='bbox 1380 967 1671 1042; x_wconf 82' lang='lat' dir='ltr'><strong>alterius</strong></span> <span class='ocrx_word' id='word_1_11' title='bbox 1706 965 2240 1041; x_wconf 80' lang='lat' dir='ltr'><strong>detrimentum.</strong></span> 
     </span>
    </p>
   </div>
   <div class='ocr_carea' id='block_1_3' title="bbox 1182 1207 2816 1293">
    <p class='ocr_par' dir='ltr' id='par_1_3' title="bbox 1182 1207 2816 1293">
     <span class='ocr_line' id='line_1_5' title="bbox 1182 1207 2816 1293; baseline -0.004 -13"><span class='ocrx_word' id='word_1_12' title='bbox 1182 1213 1308 1280; x_wconf 83' lang='lat' dir='ltr'><strong>De</strong></span> <span class='ocrx_word' id='word_1_13' title='bbox 1352 1210 1825 1293; x_wconf 73' lang='lat' dir='ltr'><strong>receptione</strong></span> <span class='ocrx_word' id='word_1_14' title='bbox 1873 1208 2208 1276; x_wconf 78' lang='lat' dir='ltr'><strong>comltls</strong></span> <span class='ocrx_word' id='word_1_15' title='bbox 2250 1207 2473 1275; x_wconf 73' lang='lat' dir='ltr'><strong>lun-a.</strong></span> <span class='ocrx_word' id='word_1_16' title='bbox 2509 1209 2816 1276; x_wconf 81' lang='lat' dir='ltr'><strong>urbem.</strong></span> 
     </span>
    </p>
   </div>
   <div class='ocr_carea' id='block_1_4' title="bbox 908 1425 2711 4160">
    <p class='ocr_par' dir='ltr' id='par_1_4' title="bbox 908 1425 2508 1872">
     <span class='ocr_line' id='line_1_6' title="bbox 908 1425 2369 1524; baseline -0.008 -3"><span class='ocrx_word' id='word_1_17' title='bbox 908 1446 1088 1524; x_wconf 67' lang='grc'><strong>,298</strong></span> <span class='ocrx_word' id='word_1_18' title='bbox 1456 1425 1588 1515; x_wconf 68' lang='grc' dir='ltr'><strong>ὀὶ)</strong></span> <span class='ocrx_word' id='word_1_19' title='bbox 1624 1439 1808 1513; x_wconf 77' lang='lat' dir='ltr'><strong>hano</strong></span> <span class='ocrx_word' id='word_1_20' title='bbox 1843 1436 2369 1511; x_wconf 75' lang='lat' dir='ltr'><strong>tribulationem</strong></span> 
     </span>
     <span class='ocr_line' id='line_1_7' title="bbox 1386 1551 2144 1629; baseline -0.005 0"><span class='ocrx_word' id='word_1_21' title='bbox 1386 1554 1591 1629; x_wconf 84' lang='lat' dir='ltr'><strong>valde</strong></span> <span class='ocrx_word' id='word_1_22' title='bbox 1628 1551 2144 1627; x_wconf 79' lang='lat' dir='ltr'><strong>intolerabilem</strong></span> 
     </span>
     <span class='ocr_line' id='line_1_8' title="bbox 1383 1666 2508 1769; baseline -0.004 -25"><span class='ocrx_word' id='word_1_23' title='bbox 1383 1677 1811 1769; x_wconf 88' lang='lat' dir='ltr'><strong>receperunt</strong></span> <span class='ocrx_word' id='word_1_24' title='bbox 1844 1669 1917 1741; x_wconf 88' lang='lat' dir='ltr'><strong>in</strong></span> <span class='ocrx_word' id='word_1_25' title='bbox 1954 1668 2134 1742; x_wconf 89' lang='lat' dir='ltr'><strong>hanc</strong></span> <span class='ocrx_word' id='word_1_26' title='bbox 2167 1666 2425 1742; x_wconf 89' lang='lat' dir='ltr'><strong>urbem</strong></span> <span class='ocrx_word' id='word_1_27' title='bbox 2503 1671 2508 1676; x_wconf 84' lang='grc'><strong><em>’</em></strong></span> 
     </span>
     <span class='ocr_line' id='line_1_9' title="bbox 1384 1784 2491 1872; baseline -0.006 -10"><span class='ocrx_word' id='word_1_28' title='bbox 1384 1786 1576 1862; x_wconf 88' lang='lat' dir='ltr'><strong>cives</strong></span> <span class='ocrx_word' id='word_1_29' title='bbox 1611 1784 1983 1860; x_wconf 84' lang='lat' dir='ltr'><strong>comitem¹</strong></span> <span class='ocrx_word' id='word_1_30' title='bbox 2025 1789 2491 1872; x_wconf 64' lang='lat' dir='ltr'><strong>montensem,</strong></span> 
     </span>
    </p>

    <p class='ocr_par' dir='ltr' id='par_1_5' title="bbox 946 1899 2434 2115">
     <span class='ocr_line' id='line_1_10' title="bbox 946 1899 2434 1999; baseline -0.007 -18"><span class='ocrx_word' id='word_1_31' title='bbox 946 1908 1090 1984; x_wconf 74' lang='lat'><strong>299</strong></span> <span class='ocrx_word' id='word_1_32' title='bbox 1483 1907 1712 1999; x_wconf 87' lang='lat' dir='ltr'><strong>Super</strong></span> <span class='ocrx_word' id='word_1_33' title='bbox 1749 1925 1957 1975; x_wconf 91' lang='lat' dir='ltr'><strong>suum</strong></span> <span class='ocrx_word' id='word_1_34' title='bbox 1994 1899 2434 1997; x_wconf 88' lang='lat' dir='ltr'><strong>episcopum,</strong></span> 
     </span>
     <span class='ocr_line' id='line_1_11' title="bbox 1388 2013 2369 2115; baseline -0.005 -23"><span class='ocrx_word' id='word_1_35' title='bbox 1388 2042 1607 2115; x_wconf 88' lang='lat' dir='ltr'><strong>super</strong></span> <span class='ocrx_word' id='word_1_36' title='bbox 1644 2041 1851 2090; x_wconf 89' lang='lat' dir='ltr'><strong>suum</strong></span> <span class='ocrx_word' id='word_1_37' title='bbox 1890 2013 2369 2099; x_wconf 79' lang='lat' dir='ltr'><strong>castellanum,</strong></span> 
     </span>
    </p>

    <p class='ocr_par' dir='ltr' id='par_1_6' title="bbox 1390 2130 2436 2343">
     <span class='ocr_line' id='line_1_12' title="bbox 1390 2130 2133 2207; baseline -0.007 -1"><span class='ocrx_word' id='word_1_38' title='bbox 1390 2160 1432 2207; x_wconf 90' lang='lat' dir='ltr'><strong>a</strong></span> <span class='ocrx_word' id='word_1_39' title='bbox 1468 2140 1723 2206; x_wconf 89' lang='lat' dir='ltr'><strong>neutro</strong></span> <span class='ocrx_word' id='word_1_40' title='bbox 1760 2130 2133 2204; x_wconf 92' lang='lat' dir='ltr'><strong>consilium</strong></span> 
     </span>
     <span class='ocr_line' id='line_1_13' title="bbox 1391 2246 2436 2343; baseline -0.002 -23"><span class='ocrx_word' id='word_1_41' title='bbox 1391 2246 1835 2343; x_wconf 77' lang='lat' dir='ltr'><strong>requirentes</strong></span> <span class='ocrx_word' id='word_1_42' title='bbox 1871 2268 2003 2318; x_wconf 91' lang='lat' dir='ltr'><strong>nec</strong></span> <span class='ocrx_word' id='word_1_43' title='bbox 2037 2266 2436 2330; x_wconf 81' lang='lat' dir='ltr'><strong>assensum,</strong></span> 
     </span>
    </p>

    <p class='ocr_par' dir='ltr' id='par_1_7' title="bbox 954 2356 2440 2805">
     <span class='ocr_line' id='line_1_14' title="bbox 954 2356 2169 2436; baseline -0.005 0"><span class='ocrx_word' id='word_1_44' title='bbox 954 2366 1096 2436; x_wconf 86' lang='grc'><strong>300</strong></span> <span class='ocrx_word' id='word_1_45' title='bbox 1489 2367 1559 2433; x_wconf 89' lang='lat' dir='ltr'><strong>et</strong></span> <span class='ocrx_word' id='word_1_46' title='bbox 1596 2359 1888 2432; x_wconf 82' lang='lat' dir='ltr'><strong>collecta</strong></span> <span class='ocrx_word' id='word_1_47' title='bbox 1922 2356 2169 2430; x_wconf 86' lang='lat' dir='ltr'><strong>militia</strong></span> 
     </span>
     <span class='ocr_line' id='line_1_15' title="bbox 1392 2471 2276 2572; baseline -0.007 -24"><span class='ocrx_word' id='word_1_48' title='bbox 1392 2482 1605 2572; x_wconf 87' lang='lat' dir='ltr'><strong>atque</strong></span> <span class='ocrx_word' id='word_1_49' title='bbox 1641 2472 1843 2547; x_wconf 89' lang='lat' dir='ltr'><strong>urbis</strong></span> <span class='ocrx_word' id='word_1_50' title='bbox 1877 2471 2276 2546; x_wconf 91' lang='lat' dir='ltr'><strong>communia</strong></span> 
     </span>
     <span class='ocr_line' id='line_1_16' title="bbox 1389 2587 2440 2688; baseline -0.005 -25"><span class='ocrx_word' id='word_1_51' title='bbox 1389 2588 1750 2663; x_wconf 82' lang='lat' dir='ltr'><strong>vindicare</strong></span> <span class='ocrx_word' id='word_1_52' title='bbox 1786 2595 2092 2688; x_wconf 85' lang='lat' dir='ltr'><strong>pergunt</strong></span> <span class='ocrx_word' id='word_1_53' title='bbox 2130 2587 2440 2683; x_wconf 84' lang='lat' dir='ltr'><strong>dampna</strong></span> 
     </span>
     <span class='ocr_line' id='line_1_17' title="bbox 1393 2703 2299 2805; baseline -0.006 -24"><span class='ocrx_word' id='word_1_54' title='bbox 1393 2731 1534 2804; x_wconf 90' lang='lat' dir='ltr'><strong>que</strong></span> <span class='ocrx_word' id='word_1_55' title='bbox 1570 2709 1835 2805; x_wconf 85' lang='lat' dir='ltr'><strong>Symon</strong></span> <span class='ocrx_word' id='word_1_56' title='bbox 1872 2703 1976 2778; x_wconf 91' lang='lat' dir='ltr'><strong>eis</strong></span> <span class='ocrx_word' id='word_1_57' title='bbox 2010 2703 2299 2778; x_wconf 79' lang='lat' dir='ltr'><strong>fecerat.</strong></span> 
     </span>
    </p>

    <p class='ocr_par' dir='ltr' id='par_1_8' title="bbox 955 2818 2577 3242">
     <span class='ocr_line' id='line_1_18' title="bbox 955 2818 2577 2921; baseline -0.004 -23"><span class='ocrx_word' id='word_1_58' title='bbox 955 2827 1083 2898; x_wconf 70' lang='grc'><strong>304</strong></span> <span class='ocrx_word' id='word_1_59' title='bbox 1490 2825 1756 2921; x_wconf 78' lang='lat' dir='ltr'><strong>Symon</strong></span> <span class='ocrx_word' id='word_1_60' title='bbox 1793 2820 1995 2910; x_wconf 84' lang='lat' dir='ltr'><strong>arsit,</strong></span> <span class='ocrx_word' id='word_1_61' title='bbox 2039 2818 2245 2894; x_wconf 87' lang='lat' dir='ltr'><strong>ardet</strong></span> <span class='ocrx_word' id='word_1_62' title='bbox 2277 2841 2520 2893; x_wconf 89' lang='lat' dir='ltr'><strong>comes</strong></span> <span class='ocrx_word' id='word_1_63' title='bbox 2561 2846 2577 2890; x_wconf 90' lang='lat'>:</span> 
     </span>
     <span class='ocr_line' id='line_1_19' title="bbox 1394 2934 2509 3035; baseline -0.004 -25"><span class='ocrx_word' id='word_1_64' title='bbox 1394 2935 1657 3035; x_wconf 88' lang='lat' dir='ltr'><strong>predas</strong></span> <span class='ocrx_word' id='word_1_65' title='bbox 1690 2937 1881 3025; x_wconf 81' lang='lat' dir='ltr'><strong>facit,</strong></span> <span class='ocrx_word' id='word_1_66' title='bbox 1925 2934 2229 3034; x_wconf 87' lang='lat' dir='ltr'><strong>predant</strong></span> <span class='ocrx_word' id='word_1_67' title='bbox 2263 2934 2454 3009; x_wconf 84' lang='lat' dir='ltr'><strong>cives</strong></span> <span class='ocrx_word' id='word_1_68' title='bbox 2493 2960 2509 3006; x_wconf 77' lang='grc' dir='ltr'><strong><em>ε</em></strong></span> 
     </span>
     <span class='ocr_line' id='line_1_20' title="bbox 1393 3051 2261 3150; baseline -0.006 -22"><span class='ocrx_word' id='word_1_69' title='bbox 1393 3052 1704 3150; x_wconf 86' lang='lat' dir='ltr'><strong>dampna</strong></span> <span class='ocrx_word' id='word_1_70' title='bbox 1742 3052 1877 3126; x_wconf 88' lang='lat' dir='ltr'><strong>sibi</strong></span> <span class='ocrx_word' id='word_1_71' title='bbox 1914 3051 2261 3149; x_wconf 87' lang='lat' dir='ltr'><strong>equaliter</strong></span> 
     </span>
     <span class='ocr_line' id='line_1_21' title="bbox 1393 3166 2247 3242; baseline -0.006 0"><span class='ocrx_word' id='word_1_72' title='bbox 1393 3193 1539 3242; x_wconf 92' lang='lat' dir='ltr'><strong>non</strong></span> <span class='ocrx_word' id='word_1_73' title='bbox 1573 3168 1849 3241; x_wconf 88' lang='lat' dir='ltr'><strong>minora</strong></span> <span class='ocrx_word' id='word_1_74' title='bbox 1886 3166 2247 3240; x_wconf 81' lang='lat' dir='ltr'><strong>facientes.</strong></span> 
     </span>
    </p>

    <p class='ocr_par' dir='ltr' id='par_1_9' title="bbox 958 3278 2494 3725">
     <span class='ocr_line' id='line_1_22' title="bbox 958 3278 2494 3376; baseline -0.004 -20"><span class='ocrx_word' id='word_1_75' title='bbox 958 3286 1101 3361; x_wconf 72' lang='grc'><strong>302</strong></span> <span class='ocrx_word' id='word_1_76' title='bbox 1492 3287 1786 3357; x_wconf 87' lang='lat' dir='ltr'><strong>Terram</strong></span> <span class='ocrx_word' id='word_1_77' title='bbox 1822 3303 2024 3352; x_wconf 84' lang='lat' dir='ltr'><strong>suam</strong></span> <span class='ocrx_word' id='word_1_78' title='bbox 2060 3278 2494 3376; x_wconf 85' lang='lat' dir='ltr'><strong>populantur</strong></span> 
     </span>
     <span class='ocr_line' id='line_1_23' title="bbox 1390 3391 2485 3494; baseline -0.005 -23"><span class='ocrx_word' id='word_1_79' title='bbox 1390 3405 1466 3471; x_wconf 88' lang='lat' dir='ltr'><strong>et</strong></span> <span class='ocrx_word' id='word_1_80' title='bbox 1490 3418 1935 3494; x_wconf 89' lang='lat' dir='ltr'><strong>quecumque</strong></span> <span class='ocrx_word' id='word_1_81' title='bbox 1967 3391 2485 3490; x_wconf 80' lang='lat' dir='ltr'><strong>pretenduntur</strong></span> 
     </span>
     <span class='ocr_line' id='line_1_24' title="bbox 1396 3508 2297 3607; baseline -0.004 -22"><span class='ocrx_word' id='word_1_82' title='bbox 1396 3511 1500 3585; x_wconf 91' lang='lat' dir='ltr'><strong>sic</strong></span> <span class='ocrx_word' id='word_1_83' title='bbox 1536 3510 1773 3585; x_wconf 86' lang='lat' dir='ltr'><strong>omnia</strong></span> <span class='ocrx_word' id='word_1_84' title='bbox 1812 3508 2297 3607; x_wconf 85' lang='lat' dir='ltr'><strong>dissippantur</strong></span> 
     </span>
     <span class='ocr_line' id='line_1_25' title="bbox 1395 3624 2414 3725; baseline -0.004 -24"><span class='ocrx_word' id='word_1_85' title='bbox 1395 3625 1590 3725; x_wconf 93' lang='lat' dir='ltr'><strong>quod</strong></span> <span class='ocrx_word' id='word_1_86' title='bbox 1625 3625 1809 3700; x_wconf 90' lang='lat' dir='ltr'><strong>bene</strong></span> <span class='ocrx_word' id='word_1_87' title='bbox 1846 3650 1922 3698; x_wconf 93' lang='lat' dir='ltr'><strong>se</strong></span> <span class='ocrx_word' id='word_1_88' title='bbox 1959 3624 2414 3698; x_wconf 85' lang='lat' dir='ltr'><strong>ulciscuntur.</strong></span> 
     </span>
    </p>

    <p class='ocr_par' dir='ltr' id='par_1_10' title="bbox 960 3738 2711 4160">
     <span class='ocr_line' id='line_1_26' title="bbox 960 3738 2711 3839; baseline -0.002 -23"><span class='ocrx_word' id='word_1_89' title='bbox 960 3747 1102 3816; x_wconf 86' lang='lat'><strong>303</strong></span> <span class='ocrx_word' id='word_1_90' title='bbox 1494 3746 1639 3816; x_wconf 91' lang='lat' dir='ltr'><strong>Hec</strong></span> <span class='ocrx_word' id='word_1_91' title='bbox 1673 3765 1810 3839; x_wconf 88' lang='lat' dir='ltr'><strong>pro</strong></span> <span class='ocrx_word' id='word_1_92' title='bbox 1846 3739 2038 3814; x_wconf 90' lang='lat' dir='ltr'><strong>bono</strong></span> <span class='ocrx_word' id='word_1_93' title='bbox 2074 3738 2340 3815; x_wconf 88' lang='lat' dir='ltr'><strong>ducunt</strong></span> <span class='ocrx_word' id='word_1_94' title='bbox 2376 3738 2711 3836; x_wconf 78' lang='lat' dir='ltr'><strong>dampna,</strong></span> 
     </span>
     <span class='ocr_line' id='line_1_27' title="bbox 1398 3854 2168 3955; baseline -0.004 -25"><span class='ocrx_word' id='word_1_95' title='bbox 1398 3856 1593 3955; x_wconf 90' lang='lat' dir='ltr'><strong>quod</strong></span> <span class='ocrx_word' id='word_1_96' title='bbox 1629 3857 1700 3929; x_wconf 88' lang='lat' dir='ltr'><strong>in</strong></span> <span class='ocrx_word' id='word_1_97' title='bbox 1738 3854 2003 3930; x_wconf 81' lang='lat' dir='ltr'><strong>ultione</strong></span> <span class='ocrx_word' id='word_1_98' title='bbox 2041 3879 2168 3928; x_wconf 89' lang='lat' dir='ltr'><strong>sua</strong></span> 
     </span>
     <span class='ocr_line' id='line_1_28' title="bbox 1400 3969 2356 4044; baseline -0.001 -1"><span class='ocrx_word' id='word_1_99' title='bbox 1400 3969 1761 4044; x_wconf 79' lang='lat' dir='ltr'><strong>destructa</strong></span> <span class='ocrx_word' id='word_1_100' title='bbox 1797 3977 1906 4043; x_wconf 91' lang='lat' dir='ltr'><strong>est</strong></span> <span class='ocrx_word' id='word_1_101' title='bbox 1942 3969 2130 4043; x_wconf 87' lang='lat' dir='ltr'><strong>bona</strong></span> <span class='ocrx_word' id='word_1_102' title='bbox 2162 3977 2356 4043; x_wconf 86' lang='lat' dir='ltr'><strong>terra</strong></span> 
     </span>
     <span class='ocr_line' id='line_1_29' title="bbox 1397 4084 2166 4160; baseline -0.003 0"><span class='ocrx_word' id='word_1_103' title='bbox 1397 4093 1471 4160; x_wconf 91' lang='lat' dir='ltr'><strong>et</strong></span> <span class='ocrx_word' id='word_1_104' title='bbox 1505 4084 1768 4160; x_wconf 79' lang='lat' dir='ltr'><strong>inculta</strong></span> <span class='ocrx_word' id='word_1_105' title='bbox 1803 4084 2166 4159; x_wconf 79' lang='lat' dir='ltr'><strong>derelicta.</strong></span> 
     </span>
    </p>
   </div>
   <div class='ocr_carea' id='block_1_5' title="bbox 1040 4349 2529 4423">
    <p class='ocr_par' dir='ltr' id='par_1_11' title="bbox 1040 4349 2529 4423">
     <span class='ocr_line' id='line_1_30' title="bbox 1040 4349 2529 4423; baseline -0.001 -16"><span class='ocrx_word' id='word_1_106' title='bbox 1040 4352 1086 4408; x_wconf 85' lang='lat'><strong>1.</strong></span> <span class='ocrx_word' id='word_1_107' title='bbox 1127 4355 1399 4408; x_wconf 75' lang='lat' dir='ltr'><strong>comitem.</strong></span> <span class='ocrx_word' id='word_1_108' title='bbox 1432 4350 1594 4409; x_wconf 84' lang='lat' dir='ltr'><strong>Dans</strong></span> <span class='ocrx_word' id='word_1_109' title='bbox 1623 4351 1676 4407; x_wconf 89' lang='lat' dir='ltr'><strong>le</strong></span> <span class='ocrx_word' id='word_1_110' title='bbox 1703 4367 1815 4407; x_wconf 87' lang='lat' dir='ltr'><strong>ms.</strong></span> <span class='ocrx_word' id='word_1_111' title='bbox 1848 4350 2142 4408; x_wconf 70' lang='lat' dir='ltr'><strong>ati-&lt;lessus</strong></span> <span class='ocrx_word' id='word_1_112' title='bbox 2171 4349 2241 4408; x_wconf 90' lang='lat' dir='ltr'><strong>de</strong></span> <span class='ocrx_word' id='word_1_113' title='bbox 2269 4350 2324 4407; x_wconf 77' lang='lat' dir='ltr'><strong>le</strong></span> <span class='ocrx_word' id='word_1_114' title='bbox 2354 4349 2529 4423; x_wconf 78' lang='lat' dir='ltr'><strong>ligne.</strong></span> 
     </span>
    </p>
   </div>
  </div>
 </body>
</html>
