3558 5493
500 946 649 1024 256

500 1407 647 1484 257

500 1869 646 1947 258

498 2337 644 2414 259

500 2800 648 2877 260

408 3181 413 3185 '
501 3266 633 3342 261

502 3725 650 3802 262

499 4187 647 4263 263
690 4283 701 4291 ‚

1392 576 1728 629 mmm.

943 735 1107 787 cum
1141 718 1443 810 propter
1476 711 1658 786 hanc
1693 710 2080 810 pernidem

943 852 1087 903 non
1123 827 1390 903 evitent
1424 827 1861 927 pontificem.

1041 945 1180 1021 Sed
1216 953 1379 1020 ante
1413 944 1611 1020 illum
1648 945 1943 1021 veniunt

943 1070 1017 1136 et
1050 1059 1388 1160 quicquid
1422 1061 1569 1163 agit
1602 1060 2006 1151 consulunt,

942 1174 1077 1251 sibi
1112 1174 1469 1266 locuntur,
1511 1175 1857 1264 serviunt,
1937 1262 1942 1267 ¹

942 1313 1109 1366 cum
1144 1315 1230 1365 eo
1266 1298 1544 1389 potant,
1584 1289 1998 1365 comedunt.

1039 1411 1541 1484 Verumtamen
1580 1430 1711 1481 nec
1747 1406 2080 1506 proinde,

941 1522 1055 1597 vel
1092 1522 1268 1598 dum
1301 1548 1465 1599 esca
1498 1523 1573 1596 in
1606 1547 1911 1622 corpore

940 1637 1323 1727 residebat,
1364 1637 1456 1713 de
1491 1639 1776 1737 presule

943 1779 1087 1828 non
1123 1763 1403 1829 cessant
1437 1754 1886 1830 maledicere.

1039 1874 1283 1968 Neque
1319 1869 1683 1968 inceptum
1715 1869 1984 1945 facinus

939 1985 1354 2060 remanebat
1389 1985 1488 2060 ob
1524 1984 1715 2060 aliud

937 2100 1075 2176 nisi
1110 2100 1206 2176 ob
1241 2103 1379 2177 hoc
1412 2102 1607 2202 quod
1641 2103 1953 2202 populus

943 2242 1087 2294 non
1121 2219 1311 2293 favet
1344 2221 1602 2294 horum
1636 2219 1938 2296 actibus.

1037 2334 1409 2410 Timebant
1443 2336 1635 2410 enim
1670 2360 2064 2434 pauperem

937 2450 1429 2550 minoremque
1466 2451 1915 2550 plebiculam,

941 2591 1125 2664 quae
1161 2566 1443 2642 amabat
1480 2567 1891 2665 pontificem

940 2690 1242 2782 propter
1276 2706 1528 2782 pacem
1564 2693 1631 2758 et
1669 2683 2020 2783 requiem.

1039 2798 1149 2874 Ad
1185 2823 1404 2897 quam
1438 2823 1724 2898 semper
1760 2798 2109 2873 laboravit

941 2923 1024 2990 ut
1057 2914 1325 2989 valeret
1360 2914 1655 3004 institui,

944 3055 1075 3106 nec
1110 3030 1308 3106 illum
1341 3054 1686 3126 umquam
1721 3029 1972 3105 dilexit

943 3147 1067 3245 qui
1103 3156 1353 3222 contra
1385 3171 1638 3245 pacem
1672 3146 1932 3221 extitit.

1040 3270 1343 3362 Propter
1378 3262 1573 3361 quod
1614 3262 1880 3338 bonum
1917 3261 2235 3339 studium

940 3380 1130 3455 hunc
1164 3380 1523 3479 presulem
1557 3379 1929 3478 pacificum

943 3493 1250 3595 majores
1285 3518 1644 3592 nonquam
1684 3494 1987 3595 diligunt

944 3610 1110 3708 quia
1144 3634 1279 3708 pro
1316 3610 1494 3684 velle
1532 3619 1896 3708 nequeunt

1040 3726 1229 3800 hunc
1263 3733 1337 3800 et
1371 3724 1567 3800 illum
1602 3726 1948 3823 arripere,

941 3865 1360 3940 comparare
1391 3849 1465 3914 et
1500 3839 1843 3929 vendere,

939 3955 1319 4031 comedere
1352 3966 1427 4031 et
1461 3954 1709 4030 bibere

940 4080 1013 4146 et
1048 4071 1338 4147 omnino
1374 4095 1822 4147 consumere.

1039 4191 1190 4277 Qua
1220 4185 1312 4261 de
1347 4213 1559 4263 causa
1596 4211 1782 4262 nunc
1817 4185 2125 4261 vindicta

941 4312 1236 4401 paratur
1271 4302 1405 4378 sibi
1435 4303 1745 4401 pessima
