3558 5493
1430 571 1707 624 nicom.
2546 571 2635 625 ¹97

1148 828 1275 894 Do
1312 826 1577 894 morto
1623 825 1996 895 Gerardi.
2057 833 2064 840 ‘

521 1043 663 1115 166
1052 1044 1247 1114 Tunc
1280 1039 1526 1115 fideles
1562 1040 1879 1138 episcopi

955 1154 1046 1230 de
1084 1154 1403 1231 Gerardo
1439 1155 1771 1230 tutissimi

961 1267 1155 1368 quod
1193 1269 1496 1368 amplius
1532 1295 1676 1345 non
1711 1271 2013 1369 poterit¹

958 1383 1048 1460 de
1084 1386 1413 1485 captione
1449 1386 1657 1485 eripi,

525 1504 664 1575 167
1056 1500 1242 1575 infra
1274 1509 1589 1576 castrum
1625 1502 1825 1578 illum
1858 1501 2174 1577 trahunt.

960 1620 1188 1714 Super
1223 1641 1439 1716 quem
1475 1642 1726 1692 omnes
1740 1619 1771 1665 ²
1807 1618 2113 1706 irruunt,

961 1732 1403 1808 conclamant
1438 1742 1513 1810 et
1548 1734 1981 1833 percutiunt,

963 1848 1184 1922 immo
1219 1872 1473 1924 necare
1508 1850 1804 1949 cupiunt
1848 1875 1865 1923 t

529 1967 667 2039 168
1059 1963 1402 2040 habentes
1436 1965 1510 2039 in
1547 1965 1889 2041 memoria

960 2089 1341 2179 parentum
1376 2082 1781 2171 homicidia,

962 2196 1218 2286 minas,
1260 2197 1548 2296 predas,
1590 2198 1914 2273 incendia

963 2321 1036 2389 et
1071 2313 1419 2412 quidquid
1455 2315 1558 2389 eis
1595 2315 1885 2390 fecerat.

534 2432 672 2502 169
1022 2497 1027 2506 ,
1065 2433 1517 2529 Quapropter
1556 2432 1625 2504 in
1661 2431 1958 2506 introitu

964 2567 1227 2644 magno
1261 2555 1630 2622 currentes
1664 2547 1936 2646 impetu

966 2666 1220 2734 necant
1256 2685 1422 2735 eum
1455 2660 1611 2736 sine
1639 2670 1836 2737 metu

966 2776 1382 2876 turpissimo
1416 2778 1705 2853 interitu
1721 2779 1777 2853 ³.

532 2898 561 2967 1
578 2896 673 2966 70
1064 2896 1245 2967 Nam
1278 2893 1863 2968 inenarrabilibus

968 3031 1231 3105 corpus
1266 3007 1557 3106 plenum
1593 3007 2009 3083 vulneribus

971 3122 1108 3197 viri
1144 3147 1310 3198 cum
1345 3123 1762 3219 mulieribus

970 3238 1381 3314 concutiunt
1414 3237 1796 3337 lapidibus.

537 3359 664 3429 171
1069 3353 1278 3429 Plebs
1309 3354 1525 3455 igitur
1558 3364 1709 3430 tota
1742 3354 1968 3430 credit

975 3495 1157 3568 quae
1194 3480 1484 3568 peccata
1519 3471 1672 3572 ejus
1708 3471 1908 3545 novit

974 3587 1184 3661 matri
1222 3587 1568 3686 placuisse
1604 3588 1727 3662 Dei

976 3701 1171 3800 quod
1208 3703 1311 3777 sic
1346 3703 1667 3777 tirannus
1704 3703 1882 3777 obiit
1924 3730 1939 3777 ε

540 3819 684 3895 172
1077 3841 1209 3915 per
1243 3841 1459 3916 quam
1496 3817 1649 3916 ipse
1676 3818 2041 3918 juraverat

612 4058 662 4114 1.
707 4072 823 4113 non
843 4059 1068 4129 pom-it.
1101 4054 1262 4114 Dana
1289 4055 1344 4114 le
1369 4072 1482 4114 ma.
1513 4056 1823 4114 au-dessus
1851 4055 1924 4113 de
1952 4056 2009 4114 la
2036 4056 2215 4130 ligne.

609 4147 664 4204 2.
705 4146 867 4203 Dans
895 4145 948 4205 le
975 4161 1086 4203 ms.
1119 4145 1430 4204 au-dessus
1458 4146 1530 4204 de
1560 4146 1617 4205 la
1643 4145 1801 4219 ligne
1834 4169 1846 4201 :
1879 4150 1962 4202 vo?
1992 4150 2182 4202 multi.

613 4236 666 4294 3.
707 4235 926 4294 Gerard
969 4233 1294 4294 Maufilatre
1343 4235 1489 4310 perit
1536 4235 1590 4293 le
1635 4236 1669 4294 6
1712 4234 1905 4310 juillet
1945 4234 2083 4292 1¹37
2125 4232 2346 4309 (Lamb.
2395 4230 2665 4297 Watrel„

547 4343 602 4400 p.
637 4324 782 4398 514).
