3558 5493
950 557 1036 610 130

989 1039 1081 1114 52

975 1454 1077 1572 ss

985 1965 1078 2039 54

986 2434 1078 2504 55

983 2898 1077 2967 56

984 3364 1076 3434 57

983 3824 1075 3893 58

984 4288 1075 4358 59

1902 555 2108 607 csssn
2258 570 2261 575 ·

1382 690 1695 790 separari
1731 690 2135 791 conjugium

1381 831 1514 904 per
1549 806 2036 882 Burchardum
2073 806 2491 907 episcopum

1378 921 1515 996 hoc
1549 921 1814 996 factum
1849 929 1960 997 est
1993 921 2406 997 divortium.

1391 1026 1399 1035 ’
1475 1040 1656 1112 Ante
1692 1035 1893 1137 cujus
1929 1036 2361 1135 presentiam

1378 1151 1793 1228 dividuntur
1827 1154 1919 1228 ab
1956 1153 2287 1242 invicem,

1374 1266 1611 1367 jurant
1644 1293 1822 1344 vero
1858 1277 2279 1368 perpetuam

1376 1407 1662 1459 servare
1698 1384 2231 1460 continentiam.

1472 1502 1684 1577 Maria
1720 1527 1895 1602 ergo
1931 1501 2191 1577 femina

1374 1626 1448 1692 et
1484 1643 1625 1692 una
1660 1618 1814 1720 ejus
1850 1618 1994 1692 filia

1373 1742 1446 1809 et
1480 1734 1603 1809 filii
1639 1735 1994 1836 incognita

1373 1850 1775 1926 didicerunt
1810 1851 2170 1950 psalteria.

1471 1970 1740 2041 Horum
1784 1965 2315 2044 werimboldus
2348 1974 2553 2063 pater

1372 2080 1530 2156 illos
1560 2081 1888 2180 quamvis
1926 2081 2070 2155 sint
2094 2080 2395 2180 juvenes

1373 2197 1725 2297 disposuit
1760 2197 2106 2299 sagaciter

1372 2339 1505 2412 per
1540 2314 1907 2389 cenobitas
1942 2313 2253 2389 ordines.

1469 2434 1609 2503 Pro
1644 2430 1838 2505 victu
1875 2455 2042 2505 suae
2078 2429 2399 2531 conjugis

1374 2553 1446 2618 et
1480 2569 1617 2643 pro
1654 2545 1936 2620 duobus
1973 2545 2135 2619 filiis

1373 2660 1464 2735 de
1501 2661 1647 2736 suis
1683 2661 1808 2736 dat
1841 2662 2157 2763 pecuniis

1373 2779 1596 2853 sancti
1634 2778 1955 2854 Autberti
1992 2777 2294 2853 clericis,

1471 2899 1609 2971 Pro
1645 2894 2001 2994 tertioque
2038 2895 2182 2968 filio

1373 3012 1446 3086 in
1483 3012 1803 3112 Sepulcri
1841 3011 2141 3087 cenobio

1375 3128 1746 3229 magnifice
1782 3129 1873 3204 de
1909 3127 2208 3226 proprio

1372 3244 1670 3344 largitur
1705 3243 2076 3318 beneficio.

1470 3365 1597 3435 Est
1632 3360 1872 3436 Remis
1909 3359 2365 3435 celeberrima

1372 3475 1880 3551 monacharum
1916 3474 2252 3551 aecclesia

1373 3591 1557 3666 int-er
1593 3616 1770 3691 quas
1800 3618 1941 3667 una
1976 3591 2119 3666 filia

1371 3706 1838 3782 Werimboldi
1874 3709 1956 3781 fit
1993 3705 2361 3782 monacha.

1470 3820 1744 3896 Ibidem
1781 3821 1875 3897 ad
1910 3820 2274 3896 oraculum

1369 3959 1710 4037 magnum
1743 3937 1910 4014 fecit
1947 3935 2318 4012 donarium

1372 4052 1678 4152 fecitque
1712 4079 1847 4153 per
1883 4052 2217 4128 idoneum

1372 4169 1681 4244 caritatis
1716 4170 2056 4245 officium.

1470 4286 1576 4360 lbi
1615 4287 1805 4360 enim
1837 4285 1959 4361 dat
1995 4286 2256 4360 talenta
