3558 5493
933 555 996 607 ⁴6

935 915 1082 996 264

933 1386 1078 1462 265

933 1850 1078 1926 266
1162 1884 1167 1885 ’

933 2312 1074 2387 267

933 2773 1078 2848 268

933 3236 1078 3311 269

934 3697 1078 3772 270

932 4158 1061 4234 271

1893 544 2098 598 Gsssn

1375 680 1740 756 occasione
1777 678 1911 754 sub
1947 677 2061 752 illa

1372 794 1568 896 quod
1604 819 1771 871 eum
1806 788 2370 897 excommunicat

1474 921 1542 989 et
1582 912 1791 988 sedes
1826 907 2211 1009 apostolica

1374 1039 1447 1106 et
1480 1028 1849 1107 Remensis
1884 1024 2224 1102 aecclesia

1371 1157 1445 1222 et
1480 1146 1642 1221 inde
1679 1145 1943 1220 habent
1977 1142 2288 1217 maxima

1371 1264 1792 1339 clericorum
1827 1259 2110 1335 auxilia.

1472 1386 1651 1455 Nam
1684 1387 2069 1478 postquam
2102 1373 2331 1450 sciunt
2361 1369 2594 1446 clerici

1372 1495 1567 1594 quod
1604 1493 1887 1569 insimul
1920 1499 2089 1567 sunt
2121 1488 2373 1565 conexi

1372 1611 1806 1712 potentiores
1837 1607 1996 1683 laici

1370 1726 1462 1803 ad
1498 1727 1810 1803 dedecus
1843 1723 2188 1824 episcopi,

1471 1867 1720 1919 omnes
1754 1842 1906 1917 fere
1941 1864 2074 1939 per
2110 1835 2411 1913 similem

1373 1966 1890 2035 connectuntur
1924 1953 2310 2053 nequitiam

1371 2077 1465 2152 ad
1500 2073 1858 2175 pontificis
1891 2070 2211 2172 ejusdem

1372 2188 2075 2266 exhereditationem.

1471 2309 1644 2379 Nam
1680 2303 1797 2379 die
1833 2301 2144 2401 quadam
2178 2295 2432 2373 accidit

1371 2420 1567 2520 quod
1603 2416 2041 2517 archipresul
2075 2412 2446 2490 Remensis

1372 2536 1520 2611 suis
1556 2533 1919 2609 mandavit
1951 2530 2207 2607 litteris

1373 2661 1452 2727 ut
1486 2659 1845 2726 cessarent
1879 2676 1920 2723 a
1958 2647 2240 2735 divinia,

1472 2767 1605 2843 nisi
1640 2766 2044 2867 predictum
2077 2767 2468 2838 Manassem

1370 2885 1777 2983 reciperent
1812 2883 1886 2956 in
1924 2879 2285 2979 presulem
2436 2884 2449 2898 “

1371 3012 1444 3076 et
1479 3000 1616 3076 nisi
1653 3000 1912 3075 darent
1944 2995 2261 3071 debitam

1369 3117 1435 3191 ei
1472 3114 1972 3191 obedientiam.

1471 3234 1658 3321 Quas
1693 3235 2191 3329 presumentes
2228 3247 2509 3301 sumere

1371 3347 1521 3422 sine
1559 3345 1901 3422 Galchero
1937 3341 2247 3441 presule,

1374 3465 1967 3562 presumpserunt
1999 3466 2073 3532 et
2107 3457 2427 3555 linquere

1373 3576 1743 3652 servitium
1774 3573 2180 3650 aecclesiae.

1470 3695 1624 3782 Quo
1659 3690 1901 3766 audito
1937 3690 2313 3789 episcopus

1372 3806 1670 3881 miratur
1700 3804 1792 3879 de
1823 3804 1934 3879 his
1973 3804 2274 3888 actibus,

1373 3947 1450 3997 se
1486 3931 1727 3996 tamen
1761 3920 1973 3994 offert
2009 3917 2340 3993 omnibus

1369 4038 1770 4135 positurum
1806 4035 1898 4111 de
1933 4034 2194 4110 talibus

1467 4152 1541 4226 in
1577 4176 1828 4226 eorum
1865 4149 2173 4226 consiliis

1371 4267 1550 4341 sicut
1588 4268 1660 4341 in
1697 4267 1845 4341 suis
1882 4265 2153 4340 clericis
