3558 5493
1436 621 1776 675 (umam.
2604 615 2665 669 73

986 757 1401 855 utrobique¹
1444 755 1880 856 congregati,

545 875 694 953 422
1083 872 1270 947 inter
1305 896 1550 971 regem
1586 882 1659 946 et
1692 870 2016 960 militem,

983 990 1171 1064 inter
1205 1012 1541 1089 magnum
1578 996 1652 1062 et
1684 987 2024 1062 humilem

982 1130 1116 1204 per
1152 1103 1535 1178 maximam
1570 1103 2028 1203 prudentiam

985 1218 1367 1296 restituunt
1405 1216 1930 1293 concordiam2.

531 1337 689 1439 ,423
1082 1342 1293 1412 Facto
1329 1335 1567 1438 palam
1599 1326 1919 1409 hominio

975 1451 1164 1552 jurat
1200 1450 1557 1527 Robertus
1591 1450 1921 1537 Hem-icc,

982 1567 1338 1667 promittit
1372 1566 1575 1640 miles
1607 1565 1899 1641 domino

987 1683 1153 1781 quia
1188 1682 1419 1757 fidelis
1453 1681 1713 1755 amodo

542 1797 688 1877 424
1081 1822 1307 1898 regno
1337 1797 1491 1897 ejus
1530 1796 1888 1871 exstiterit

978 1921 1050 1988 et
1088 1912 1507 1988 Galcherum
1544 1912 1948 1999 honorabit,

982 2030 1202 2103 immo
1238 2052 1403 2103 eum
1442 2027 1867 2103 sustentabit

981 2153 1229 2220 contra
1266 2168 1788 2243 quemcumque
1825 2144 2112 2242 poterit.

541 2260 685 2339 425
1078 2265 1179 2334 De
1215 2259 1426 2348 villis,
1470 2259 1562 2334 de
1598 2259 1938 2334 altaribus

979 2398 1161 2473 quae
1195 2382 1363 2448 sunt
1398 2373 1471 2446 in
1507 2373 1655 2448 suis
1689 2373 2014 2471 partibus

981 2488 1327 2589 precipiet
1363 2489 1679 2564 securius

982 2604 1114 2679 sibi
1151 2604 1476 2679 conferre
1511 2604 1861 2679 redditus.

544 2718 687 2798 426
1081 2720 1278 2818 Capti
1317 2720 1650 2818 utrinque
1687 2720 1891 2795 liberi

979 2836 1381 2911 redduntur
1415 2837 1591 2936 regi,
1636 2836 1905 2925 comiti,

975 2961 1046 3027 et
1083 2952 1448 3051 presulem
1483 2952 1804 3049 oportuit

975 3065 1280 3143 liberare
1302 3063 1496 3164 'quos
1531 3066 1804 3142 habuit.

536 3185 679 3259 427
1073 3184 1418 3282 Utrinque
1454 3210 1595 3282 pax
1635 3182 2047 3258 extenditur

979 3309 1053 3373 et
1077 3300 1415 3400 juvamen
1452 3301 1523 3374 in
1559 3299 1894 3373 omnihus

976 3440 1019 3487 a
1055 3414 1313 3489 comite
1349 3415 1792 3513 promittitur

973 3530 1148 3604 viris
1185 3530 1834 3605 cameracensibus.

608 3744 657 3799 1.
699 3744 1007 3813 utrobique.
1042 3740 1204 3798 Dans
1233 3740 1286 3799 le
1313 3758 1424 3799 ms.
1458 3742 1502 3798 il
1541 3760 1578 3816 y
1615 3742 1772 3800 avait
1808 3742 2038 3800 d'abord
2078 3749 2326 3812 utroque.
2372 3740 2457 3797 La
2494 3739 2658 3811 locon

531 3833 823 3902 utrobique
853 3838 944 3889 est
971 3829 1083 3889 due
1111 3829 1147 3886 a
1173 3847 1255 3887 un
1285 3840 1628 3889 correcteur.

600 3920 656 3977 2.
696 3920 858 3978 Cette
885 3919 1320 3979 reconciliation
1350 3928 1449 3977 eut
1474 3921 1593 3978 lieu
1628 3922 1679 3978 le
1706 3921 1777 3979 29
1800 3921 1932 3995 juin
1962 3922 2133 3994 1103,
2176 3938 2250 3979 au
2292 3919 2657 3992 temoignage

530 4007 604 4066 de
634 4008 879 4066 l'auteur
906 4009 1340 4082 contemporain
1369 4021 1561 4067 connu
1589 4025 1725 4067 sous
1753 4008 1808 4067 le
1836 4024 1972 4067 nom
2000 4008 2072 4067 de
2091 4007 2441 4066 l'Annaliste
2463 4006 2659 4063 Saxon

530 4095 768 4169 (Annal.
823 4097 987 4170 Sax.‚
1031 4115 1087 4172 p.
1139 4097 1284 4167 738).
1334 4098 1419 4155 La
1463 4100 1655 4155 meme
1699 4097 1888 4155 annes
1931 4106 2021 4155 est
2066 4096 2342 4173 marquee
2388 4094 2532 4152 dans
2569 4092 2656 4151 les

530 4185 794 4244 Annales
832 4185 903 4243 de
939 4186 1115 4260 Liege
1147 4187 1312 4256 (Mon.
1354 4188 1558 4256 Germ„
1606 4184 1713 4244 SS.
1757 4194 1899 4245 tom.
1943 4186 2049 4257 IV,
2094 4204 2153 4261 p.
2192 4186 2304 4259 29),
2346 4183 2417 4242 de
2456 4183 2655 4240 Saint-

531 4272 766 4332 Amand
809 4274 988 4345 (Ibid.,
1035 4282 1078 4332 t.
1113 4273 1190 4344 V,
1235 4292 1290 4349 p.
1335 4276 1419 4345 14)
1462 4281 1520 4332 et
1554 4272 2128 4348 d’Aix-la-Chapelle
2168 4276 2349 4346 uma„
2393 4279 2434 4329 t.
2480 4269 2654 4341 XVI,

532 4381 591 4438 p.
613 4363 758 4437 685),
784 4362 935 4421 ainsi
963 4380 1075 4439 que
1103 4363 1249 4423 dans
1269 4363 1534 4438 Sigebert
1557 4362 1630 4422 de
1648 4363 1974 4423 Gemhloux
2000 4365 2186 4430 abici„
2219 4370 2261 4419 t.
2288 4360 2391 4433 VI,
2422 4378 2478 4434 p.
2504 4358 2649 4427 368).
