3558 5493
1413 573 1748 626 GALcflBm.
2567 574 2628 625 25

524 713 664 785 135
1057 712 1281 797 Quem
1315 705 1552 782 locum
1582 732 1624 780 a
1661 705 2050 781 latronibus

960 822 1329 898 mundavit
1364 830 1434 896 et
1475 820 1910 920 raptoribus,

958 938 1212 1037 captis,
1248 937 1503 1012 occisis
1535 936 1859 1035 pluribus

956 1080 1093 1155 pro
1120 1054 1444 1156 justiciae
1481 1052 1783 1153 legibus.

524 1178 663 1249 136
1055 1172 1168 1248 Sic
1200 1170 1274 1244 in
1310 1169 1545 1267 quiete
1580 1168 1809 1268 patria

961 1286 1470 1385 aliquantulum
1505 1284 1762 1383 posita,

962 1402 1311 1478 solidariis
1345 1401 1600 1476 merita

959 1519 1128 1594 fecit
1162 1542 1420 1618 magna
1455 1515 1773 1593 donaria.

525 1639 665 1710 137
1057 1639 1157 1710 De
1193 1658 1325 1707 suo
1362 1639 1601 1707 autem
1637 1656 1932 1709 munere

959 1774 1142 1848 quos
1177 1748 1496 1846 nequivit
1527 1747 1951 1838 conducere,

959 1864 1301 1940 conduxit
1336 1863 1741 1939 fidelissime

958 1983 1049 2057 de
1083 1982 1418 2056 thesauro
1449 1979 1849 2054 aecclesiae.

524 2101 664 2173 138
1057 2103 1207 2172 Hoc
1244 2097 1435 2171 enim
1469 2121 1606 2196 pro
1643 2096 1964 2185 ecclesia,

959 2214 1096 2288 hoc
1127 2212 1291 2287 fecit
1322 2238 1460 2311 pro
1486 2211 1768 2313 justicia

957 2327 1153 2426 quod
1190 2327 1387 2403 dedit
1422 2352 1711 2426 cappas,
1754 2329 1965 2427 pallia

959 2443 1505 2544 hujusmodique
1541 2445 1843 2520 cetera1.

524 2567 663 2637 139
1057 2558 1349 2634 Galcero
1384 2559 1496 2634 his
1533 2559 1895 2636 laboribus

960 2675 1229 2750 intento
1265 2674 1765 2774 multiplicibus

956 2788 1187 2863 adhuc
1219 2788 1357 2864 frui
1392 2789 1733 2889 legalibus

960 2930 1102 2979 non
1138 2904 1336 2979 licuit
1369 2904 1765 2981 ordinibus.

523 3020 663 3095 140
1055 3026 1319 3100 Verum
1354 3029 1520 3118 post
1556 3022 1735 3096 hanc
1769 3021 2140 3098 victoriam

960 3160 1350 3235 parumper
1383 3135 1651 3211 habens
1683 3139 2030 3236 requiem,

959 3262 1130 3326 tunc
1165 3251 1481 3351 primum
1515 3253 1976 3351 apostolicam

957 3367 1139 3466 petit
1171 3367 1757 3443 misericordiam.

525 3480 651 3556 ⁴4⁴
1058 3482 1190 3573 Qui
1222 3508 1424 3558 more
1460 3482 1992 3582 precedentium

960 3598 1337 3674 beatorum
1370 3599 1787 3698 pontificum

955 3715 1262 3814 quesivit
1298 3716 1773 3791 sacerdotium

959 3855 1002 3903 a
1035 3830 1324 3905 domino
1361 3832 1817 3908 Remensium

524 3944 665 4020 ⁴42
1054 3946 1441 4046 Raginaldo
1477 3948 1840 4046 pontifice.

958 4062 1095 4136 Sed
1131 4062 1268 4137 hoc
1300 4062 1418 4137 illo
1454 4073 1828 4139 recusante

594 4319 646 4375 1.
684 4317 848 4376 Dans
876 4318 930 4376 le
956 4334 1066 4376 ms.
1097 4320 1396 4379 au-dessus
1422 4321 1493 4378 de
1520 4327 1713 4390 cetera,
1748 4337 1826 4379 on
1856 4330 2057 4381 trouve
2083 4323 2224 4381 ecrit
2248 4327 2330 4380 vel
2352 4327 2627 4395 plurim.
