3558 5493
913 618 999 669 134
1873 615 2079 667 GESTA

958 756 1050 829 82
1442 751 1838 847 Statuitque
1874 750 2309 847 quamtotius

1343 867 1435 942 de
1473 867 1619 941 suis
1656 865 2108 942 facultatibus

1343 983 1771 1057 sufficientes
1811 982 2134 1058 redditus

1342 1098 1413 1171 in
1449 1098 1851 1175 detinendis
1885 1099 2224 1197 pontibus
2269 1128 2283 1173 :

955 1219 1047 1287 83
1443 1212 1643 1288 dedit
1677 1214 1869 1288 enim
1906 1213 2285 1291 aecclesiae

1344 1329 1565 1403 sancti
1603 1330 1927 1405 Autberti
1963 1332 2266 1430 proinde

1345 1445 1659 1544 hospites
1697 1446 1945 1546 viginti
1983 1447 2295 1546 quinque

1345 1563 1417 1636 in
1456 1561 1894 1660 sempiterno
1931 1572 2261 1663 tempore

957 1681 1048 1754 84
1443 1678 1624 1773 infra
1658 1677 1915 1754 urbem
1953 1681 2308 1755 Cameraci

1345 1794 1478 1868 sub
1516 1793 1919 1869 conditione
1956 1795 2075 1868 tali

1343 1909 1536 2008 quod
1576 1935 1740 1984 cum
1776 1934 2064 1987 necesse
2100 1910 2310 1985 fuerit

1344 2026 1563 2100 abbas
1604 2033 1861 2125 pontes
1898 2027 2295 2100 renovabit.

957 2147 1047 2215 85
1441 2140 1970 2219 werimboldus
2005 2143 2375 2219 consilium

1344 2257 1529 2333 istud
1569 2257 1838 2331 invenit
1873 2258 2251 2356 optimum,

1345 2373 1720 2448 aecclesiae
1758 2373 2135 2449 utillimum

1344 2496 1417 2562 et
1452 2489 1585 2563 sibi
1625 2488 2174 2566 saluberrimum
2220 2519 2234 2564 :

954 2609 1045 2678 86
1441 2605 1563 2701 qui
1599 2605 1824 2680 voluit
1859 2605 1990 2680 hec
2026 2632 2321 2683 munera

1342 2729 1422 2797 ut
1458 2721 1776 2820 predicta
1812 2721 2149 2798 aecclesia

1343 2838 1415 2912 in
1452 2847 1778 2914 eternum
1810 2839 2176 2938 possideat

1341 2963 1415 3029 et
1448 2954 1613 3029 hinc
1646 2963 1906 3054 pontes
1940 2955 2290 3031 restituat.

954 3074 1044 3144 87
1437 3075 1606 3146 Post
1638 3071 1812 3147 illud
1849 3072 2269 3147 beneficium

1339 3187 1869 3264 Werimboldus
1905 3187 1995 3261 ad
2032 3187 2330 3261 alterum

1340 3328 1524 3402 opus
1560 3303 1789 3377 tendit
1825 3303 2347 3378 sanctissimum

1339 3427 1640 3518 propter
1675 3442 1995 3492 amorem
2034 3444 2456 3517 pauperum.

952 3539 1044 3607 88
1435 3534 1566 3624 Qui
1607 3559 1740 3633 pro
1778 3533 2003 3608 salute
2036 3534 2311 3609 animae

1337 3647 1702 3725 residuum
1741 3649 2077 3749 pecuniae

1337 3764 1729 3864 gratulatur
1765 3765 2193 3862 dispendere

1337 3880 1697 3980 egentium
1733 3881 2083 3955 miseriae.

948 3997 1039 4067 89
1434 3996 1544 4071 Ad
1580 4006 1860 4071 sanctae
1898 3997 2140 4072 Crucis
2175 3996 2435 4072 atrium

1334 4122 1487 4187 erat
1522 4114 1645 4189 Dei
1682 4114 2105 4212 hospitium¹

969 4309 1020 4365 ι.
1061 4307 1431 4379 notai-nien,
1460 4307 1700 4382 hopital,
1730 4310 1966 4382 hospioe
1992 4317 2202 4383 (comp.
2236 4309 2364 4383 plus
2384 4271 2637 4382 basjstr.
2663 4309 2866 4381 sam,
2890 4310 3013 4382 100,

897 4396 1020 4464 101,
1055 4398 1177 4469 102,
1210 4399 1332 4470 111,
1365 4398 1449 4456 les
1476 4399 1842 4472 expressions
1872 4407 2265 4473 synonymae).
