3558 5493
1199 1158 1606 1255 [GESTA
1687 1164 2418 1253 BURCHARDI.
2508 1164 2602 1250 II
2631 1154 2721 1252 ¹.]

1128 1731 1334 1798 Item
1379 1731 1479 1798 de
1527 1730 1819 1797 domno
1865 1729 2349 1796 Barchardo
2397 1729 2785 1810 episcopo

1657 1837 2257 1904 cameracensi.

999 2088 1026 2157 4
1290 2082 1464 2171 Quia
1498 2080 1894 2179 periculum
1929 2104 2086 2155 esse
2123 2079 2481 2177 conspicio

1192 2220 1669 2297 magnumque
1706 2196 1951 2271 odium
1987 2196 2249 2271 mereri
2284 2195 2500 2270 timeo

1192 2311 1576 2387 Burchardi
1615 2312 1919 2411 presulis
1954 2311 2009 2386 si
2049 2311 2272 2386 vitam
2309 2312 2689 2411 scripsero,

1194 2427 1447 2502 iccirco
1482 2427 1792 2502 scribere
1830 2410 2281 2526 nequaquam
2294 2429 2323 2474 ²
2359 2427 2614 2503 audeo.

1000 2545 1045 2619 2
1292 2548 1517 2634 Quem
1553 2543 1609 2618 si
1648 2542 2032 2618 laudavero
2068 2544 2190 2618 ubi
2228 2569 2371 2618 non
2408 2544 2691 2632 meruit,

1195 2659 1253 2733 si
1287 2658 1816 2759 reprehendero
1850 2658 1972 2733 ubi
2006 2684 2148 2732 non
2184 2659 2477 2749 corruit,

1194 2800 1309 2851 me
1346 2774 1637 2874 quidem
1670 2774 1910 2874 potius
1945 2775 2153 2851 silere
2185 2776 2420 2851 decuit

1192 2917 1409 2990 quam
1444 2892 1621 2967 illud
1652 2891 1891 2968 dicere
1928 2891 2122 2991 quod
2161 2892 2402 2968 odium
2441 2891 2654 2990 parit.

1000 3013 1042 3081 3
1289 3013 1465 3082 Nam
1502 3008 1744 3084 laudes
1782 3008 2088 3083 hominis
2125 3008 2297 3084 dum
2332 3008 2510 3083 vivit
2541 3006 2852 3081 scribere

1193 3132 1406 3223 atque
1446 3125 1899 3224 magnificum
1934 3125 2132 3198 illum
2164 3148 2616 3222 componere,

1192 3248 1303 3314 est
1337 3238 1645 3313 adulatio
1683 3239 1797 3313 vel
1835 3246 2084 3313 votum
2118 3237 2387 3338 gratiae

1194 3354 1306 3429 vel
1341 3354 1633 3428 avaritia
1667 3363 1921 3451 patens
1957 3354 2321 3453 pecuniae.

1000 3468 1047 3541 4
1291 3469 1431 3544 Sed
1464 3495 1597 3569 ego
1635 3493 1767 3544 nec
1803 3468 2086 3545 laudem
2121 3495 2345 3569 quero
2382 3495 2513 3544 nec
2546 3470 2846 3570 gratiam

1197 3610 1326 3659 nec
1364 3593 1535 3683 opto
1575 3584 1887 3660 scribere
1924 3594 2225 3685 propter
2259 3587 2630 3683 pecuniam
2676 3614 2692 3659 ε

1194 3700 1322 3775 sed
1360 3701 1526 3799 quia
1555 3725 1712 3776 rem
1747 3726 1964 3776 cerno
2002 3727 2287 3801 semper
2317 3702 2737 3790 mirabilem,

1194 3815 1356 3889 hinc
1391 3816 1555 3890 volo
1595 3818 1900 3915 posteris
1940 3817 2125 3892 ferre
2157 3818 2602 3893 memoriam.

1001 3935 1043 4003 5
1145 4021 1150 4026 ⁵
1291 3932 1360 4006 Si
1396 3932 1587 4006 enim
1622 3939 1927 4031 expecto
1965 3944 2270 4009 mortem
2305 3933 2634 4009 antistitis

977 4208 1030 4262 1.
1074 4207 1274 4282 Comp.
1308 4210 1712 4274 Introduction,
1747 4226 1911 4268 num.
1946 4210 2032 4266 ¹6.

973 4293 1030 4353 2.
1067 4311 1438 4366 nequaquam.
1475 4295 1634 4354 Dans
1664 4296 1717 4354 le
1745 4314 1855 4355 ms.
1891 4297 2193 4356 au·dessus
2220 4297 2292 4358 de
2321 4299 2376 4357 la
2406 4299 2577 4373 ligne.
