3558 5493
907 570 1002 621 23⁴2
1858 564 2064 615 GESTA

1348 709 1421 774 et
1459 701 1559 774 sic
1592 703 1817 772 Deum
1853 696 2301 784 inhonorant,

1351 816 1452 890 sic
1489 815 1701 888 etiam
1738 813 2076 886 vilificant

1347 955 1765 1030 quecunque
1803 934 1948 1004 Deo
1982 928 2367 1028 pertinent.

1188 1169 1311 1235 De
1356 1168 1572 1234 bello
1620 1165 1813 1232 ante
1862 1165 2445 1232 Grovichorum
2488 1163 2735 1233 racto.

907 1368 1051 1442 403
1444 1370 1724 1441 Stantes
1759 1376 1921 1441 ante
1962 1366 2465 1441 Crevichorum

1344 1483 1519 1557 viris
1554 1483 1676 1581 qui
1711 1482 2093 1557 servabant
2129 1507 2291 1557 eum

1345 1623 1479 1697 per
1514 1623 1731 1699 grave
1768 1598 2281 1698 turpiloquium

1349 1713 1874 1788 comminantur
1909 1714 2400 1813 suspendium.

909 1830 1053 1905 404
1445 1835 1645 1904 Intus
1679 1831 1869 1904 enim
1904 1830 2351 1906 manentibus

1351 1945 1773 2045 promittunt
1810 1945 1967 2019 altis
2003 1946 2298 2020 vocibus

1351 2062 1453 2136 sic
1488 2062 1643 2135 fieri
1679 2062 1770 2137 de
1806 2061 2138 2135 omnibus

1353 2179 1533 2252 sicut
1570 2177 1661 2251 de
1700 2178 2212 2277 proditoribuS.

912 2292 1056 2367 405
1449 2287 1677 2369 Credo
1713 2293 1910 2393 quod
1948 2304 2201 2372 nocent
2236 2295 2559 2370 homines

1350 2418 1584 2482 tantae
1620 2408 2152 2483 maledictiones

1353 2530 1427 2597 et
1458 2532 1569 2597 tot
1603 2523 1884 2623 linguae
1920 2524 2255 2599 facientes

1352 2639 1699 2736 superbas
1734 2640 2341 2715 comminationes.

912 2753 1056 2828 406
1450 2755 1678 2830 Credo
1714 2754 1936 2853 quod,
1981 2757 2161 2831 sicut
2195 2756 2476 2857 legitur,

1350 2878 1511 2946 ante
1548 2895 1790 2945 casum
1826 2896 1953 2946 cor
1988 2872 2245 2947 letatur
2289 2899 2304 2945 :

1349 3010 1514 3060 nam
1552 2987 1737 3062 risus
1774 2989 1896 3085 qui
1933 2988 2377 3087 pretenditur

1349 3101 1489 3175 cito
1526 3102 1596 3175 in
1634 3104 1883 3177 fletum
1916 3104 2245 3177 vertitur.

910 3213 1053 3288 407
1446 3218 1650 3293 Venit
1690 3242 1996 3315 namque
2033 3221 2295 3317 Symon
2337 3245 2507 3295 suus

1347 3331 1664 3406 mortalis
1678 3332 2152 3407 adversarius

1349 3456 1631 3522 centum
1669 3448 1819 3521 fere
1856 3447 2196 3522 militibus

1349 3587 1592 3637 secum
1628 3561 2239 3660 advenientibus¹.

982 3775 1031 3830 1.
1064 3772 1338 3830 Lambert
1358 3772 1428 3830 de
1448 3773 1745 3832 Watrelos
1774 3775 2024 3832 attribue
2056 3782 2183 3832 tout
2211 3773 2262 3831 le
2291 3776 2487 3832 succes
2516 3774 2586 3830 de
2616 3782 2764 3831 cette
2786 3773 3025 3848 joui-nee

908 3877 1022 3918 aux
1051 3870 1281 3935 troupes
1310 3861 1381 3919 de
1410 3878 1639 3920 secours
1677 3864 1964 3937 envoyees
2004 3881 2107 3938 par
2142 3865 2196 3921 le
2232 3870 2421 3921 comte
2456 3863 2527 3920 de
2555 3862 2822 3921 Flandre.
2863 3864 3029 3920 Nun-

908 3954 1122 4006 ciatum
1149 3957 1225 4006 est
1253 3951 1477 4009 Simoni
1504 3956 1830 4017 castellam,
1867 3951 2058 4026 dit-il,
2088 3971 2124 4009 a
2152 3950 2489 4024 quibusdam
2517 3956 2869 4009 communiae
2888 3969 3028 4023 pro-

905 4043 1125 4108 qrcssis.
1177 4043 1286 4109 Qui
1331 4058 1459 4096 moa:
1502 4046 1596 4097 sui
1640 4044 1716 4097 ad
1769 4047 2060 4100 auxilium
2115 4044 2438 4099 Michaelcm
2494 4046 2710 4099 comitis
2763 4043 3027 4098 mandrie

907 4131 1261 4197 signiferum,
1295 4134 1397 4200 qui
1425 4134 1543 4186 illis
1571 4135 1635 4186 in
1661 4133 1853 4187 diebus
1881 4135 2034 4203 apud
2053 4133 2308 4189 Solusam
2335 4134 2685 4201 morabatur,
2720 4149 2848 4187 cum
2874 4135 3026 4187 mili·

910 4218 1056 4273 tibus
1096 4222 1214 4273 suis
1254 4222 1568 4285 accersivit,
1615 4222 1679 4275 dc
1722 4225 2060 4291 arroqantia
2108 4223 2353 4276 hostium
2407 4223 2708 4285 instruxit,
2758 4225 3026 4276 secretum

909 4307 1245 4361 nunciatum
1271 4310 1324 4362 ei
1350 4310 1631 4363 revelavit.
1662 4311 1849 4378 Iqitur
1875 4313 1966 4365 vir
1993 4312 2256 4381 prudens,
2288 4314 2470 4365 armis
2498 4300 2781 4373 eruditus,
2823 4314 3025 4365 cuncta
