<?xml version="1.0" encoding="UTF-8"?>
<!DOCTYPE html PUBLIC "-//W3C//DTD XHTML 1.0 Transitional//EN"
    "http://www.w3.org/TR/xhtml1/DTD/xhtml1-transitional.dtd">
<html xmlns="http://www.w3.org/1999/xhtml" xml:lang="en" lang="en">
 <head>
  <title>
</title>
<meta http-equiv="Content-Type" content="text/html;charset=utf-8" />
  <meta name='ocr-system' content='tesseract 3.04.00' />
  <meta name='ocr-capabilities' content='ocr_page ocr_carea ocr_par ocr_line ocrx_word'/>
</head>
<body>
  <div class='ocr_page' id='page_1' title='image "./gestesdesvquesd00unkngoog_0251.png"; bbox 0 0 3558 5493; ppageno 0'>
   <div class='ocr_carea' id='block_1_1' title="bbox 1428 608 2628 663">
    <p class='ocr_par' dir='ltr' id='par_1_1' title="bbox 1428 608 2628 663">
     <span class='ocr_line' id='line_1_1' title="bbox 1428 608 2628 663; baseline 0.001 -2"><span class='ocrx_word' id='word_1_1' title='bbox 1428 608 1708 662; x_wconf 73' lang='lat' dir='ltr'><strong>mcum.</strong></span> <span class='ocrx_word' id='word_1_2' title='bbox 2542 609 2628 663; x_wconf 77' lang='lat'>195</span> 
     </span>
    </p>
   </div>
   <div class='ocr_carea' id='block_1_2' title="bbox 514 750 2198 2008">
    <p class='ocr_par' dir='ltr' id='par_1_2' title="bbox 950 750 1877 1080">
     <span class='ocr_line' id='line_1_2' title="bbox 952 750 1873 850; baseline -0.001 -24"><span class='ocrx_word' id='word_1_3' title='bbox 952 750 1145 850; x_wconf 87' lang='lat' dir='ltr'><strong>quod</strong></span> <span class='ocrx_word' id='word_1_4' title='bbox 1185 750 1584 825; x_wconf 81' lang='lat' dir='ltr'><strong>subintrare</strong></span> <span class='ocrx_word' id='word_1_5' title='bbox 1618 750 1873 839; x_wconf 78' lang='lat' dir='ltr'>valeat,</span> 
     </span>
     <span class='ocr_line' id='line_1_3' title="bbox 950 864 1877 965; baseline -0.004 -23"><span class='ocrx_word' id='word_1_6' title='bbox 950 891 1122 965; x_wconf 83' lang='lat' dir='ltr'>sepe</span> <span class='ocrx_word' id='word_1_7' title='bbox 1156 872 1461 963; x_wconf 78' lang='lat' dir='ltr'>temptat</span> <span class='ocrx_word' id='word_1_8' title='bbox 1495 872 1570 939; x_wconf 84' lang='lat' dir='ltr'>et</span> <span class='ocrx_word' id='word_1_9' title='bbox 1604 864 1877 939; x_wconf 77' lang='lat' dir='ltr'>laborat</span> 
     </span>
     <span class='ocr_line' id='line_1_4' title="bbox 950 978 1860 1080; baseline -0.002 -24"><span class='ocrx_word' id='word_1_10' title='bbox 950 991 1031 1056; x_wconf 84' lang='lat' dir='ltr'>ut</span> <span class='ocrx_word' id='word_1_11' title='bbox 1067 991 1433 1079; x_wconf 81' lang='lat' dir='ltr'>aoceptmn</span> <span class='ocrx_word' id='word_1_12' title='bbox 1473 978 1860 1080; x_wconf 80' lang='lat' dir='ltr'>possideat.</span> 
     </span>
    </p>

    <p class='ocr_par' dir='ltr' id='par_1_3' title="bbox 515 1096 2198 1545">
     <span class='ocr_line' id='line_1_5' title="bbox 515 1096 2198 1186; baseline -0.003 -10"><span class='ocrx_word' id='word_1_13' title='bbox 515 1104 658 1179; x_wconf 74' lang='grc'>152</span> <span class='ocrx_word' id='word_1_14' title='bbox 1049 1096 1188 1173; x_wconf 87' lang='lat' dir='ltr'>Sed</span> <span class='ocrx_word' id='word_1_15' title='bbox 1220 1098 1401 1172; x_wconf 80' lang='lat' dir='ltr'>hanc</span> <span class='ocrx_word' id='word_1_16' title='bbox 1416 1097 1421 1100; x_wconf 75' lang='grc'><strong>’</strong></span> <span class='ocrx_word' id='word_1_17' title='bbox 1435 1096 1696 1171; x_wconf 80' lang='lat' dir='ltr'><strong>malam</strong></span> <span class='ocrx_word' id='word_1_18' title='bbox 1730 1096 2198 1186; x_wconf 73' lang='lat' dir='ltr'>voluntatem,</span> 
     </span>
     <span class='ocr_line' id='line_1_6' title="bbox 949 1211 2040 1304; baseline -0.004 -14"><span class='ocrx_word' id='word_1_19' title='bbox 949 1216 1086 1290; x_wconf 86' lang='lat' dir='ltr'>hoc</span> <span class='ocrx_word' id='word_1_20' title='bbox 1118 1213 1459 1304; x_wconf 83' lang='lat' dir='ltr'>studium,</span> <span class='ocrx_word' id='word_1_21' title='bbox 1499 1214 1687 1288; x_wconf 80' lang='lat' dir='ltr'>hunc</span> <span class='ocrx_word' id='word_1_22' title='bbox 1721 1211 2040 1287; x_wconf 79' lang='lat' dir='ltr'><strong>laborem</strong></span> 
     </span>
     <span class='ocr_line' id='line_1_7' title="bbox 950 1328 2048 1429; baseline -0.001 -23"><span class='ocrx_word' id='word_1_23' title='bbox 950 1329 1387 1406; x_wconf 80' lang='lat' dir='ltr'>credendum</span> <span class='ocrx_word' id='word_1_24' title='bbox 1422 1340 1532 1404; x_wconf 75' lang='lat' dir='ltr'>est</span> <span class='ocrx_word' id='word_1_25' title='bbox 1568 1353 1698 1429; x_wconf 81' lang='lat' dir='ltr'>per</span> <span class='ocrx_word' id='word_1_26' title='bbox 1733 1328 2048 1405; x_wconf 82' lang='lat' dir='ltr'>divinam</span> 
     </span>
     <span class='ocr_line' id='line_1_8' title="bbox 949 1444 1760 1545; baseline -0.004 -23"><span class='ocrx_word' id='word_1_27' title='bbox 949 1446 1175 1522; x_wconf 78' lang='lat' dir='ltr'>ruisse</span> <span class='ocrx_word' id='word_1_28' title='bbox 1210 1444 1760 1545; x_wconf 79' lang='lat' dir='ltr'>providentiam,</span> 
     </span>
    </p>

    <p class='ocr_par' dir='ltr' id='par_1_4' title="bbox 514 1560 2192 2008">
     <span class='ocr_line' id='line_1_9' title="bbox 514 1560 2192 1660; baseline -0.001 -21"><span class='ocrx_word' id='word_1_29' title='bbox 514 1566 656 1639; x_wconf 87' lang='grc'>153</span> <span class='ocrx_word' id='word_1_30' title='bbox 1047 1566 1365 1660; x_wconf 82' lang='lat' dir='ltr'><strong>Namque</strong></span> <span class='ocrx_word' id='word_1_31' title='bbox 1399 1560 1580 1636; x_wconf 80' lang='lat' dir='ltr'>infra</span> <span class='ocrx_word' id='word_1_32' title='bbox 1615 1585 1935 1638; x_wconf 82' lang='lat' dir='ltr'>mensem</span> <span class='ocrx_word' id='word_1_33' title='bbox 1971 1586 2192 1638; x_wconf 87' lang='lat' dir='ltr'>unum</span> 
     </span>
     <span class='ocr_line' id='line_1_10' title="bbox 951 1678 1974 1754; baseline 0.001 -1"><span class='ocrx_word' id='word_1_34' title='bbox 951 1678 1043 1754; x_wconf 80' lang='lat' dir='ltr'>ad</span> <span class='ocrx_word' id='word_1_35' title='bbox 1078 1678 1216 1753; x_wconf 84' lang='lat' dir='ltr'>hoc</span> <span class='ocrx_word' id='word_1_36' title='bbox 1251 1678 1518 1753; x_wconf 78' lang='lat' dir='ltr'><strong>malum</strong></span> <span class='ocrx_word' id='word_1_37' title='bbox 1551 1688 1974 1754; x_wconf 79' lang='lat' dir='ltr'>renovatum</span> 
     </span>
     <span class='ocr_line' id='line_1_11' title="bbox 951 1792 1848 1891; baseline -0.002 -22"><span class='ocrx_word' id='word_1_38' title='bbox 951 1798 1139 1870; x_wconf 83' lang='lat' dir='ltr'><strong>Deus</strong></span> <span class='ocrx_word' id='word_1_39' title='bbox 1176 1792 1465 1891; x_wconf 89' lang='lat' dir='ltr'>quidem</span> <span class='ocrx_word' id='word_1_40' title='bbox 1501 1793 1848 1868; x_wconf 87' lang='lat' dir='ltr'>ultionum</span> 
     </span>
     <span class='ocr_line' id='line_1_12' title="bbox 948 1907 1874 2008; baseline 0.001 -25"><span class='ocrx_word' id='word_1_41' title='bbox 948 1907 1289 2008; x_wconf 82' lang='lat' dir='ltr'><strong>imposuit</strong></span> <span class='ocrx_word' id='word_1_42' title='bbox 1323 1908 1541 1983; x_wconf 81' lang='lat' dir='ltr'>finem</span> <span class='ocrx_word' id='word_1_43' title='bbox 1579 1933 1874 1984; x_wconf 87' lang='lat' dir='ltr'>novum.</span> 
     </span>
    </p>
   </div>
   <div class='ocr_carea' id='block_1_3' title="bbox 893 2149 2246 2234">
    <p class='ocr_par' dir='ltr' id='par_1_5' title="bbox 893 2149 2246 2234">
     <span class='ocr_line' id='line_1_13' title="bbox 893 2149 2246 2234; baseline -0.001 -17"><span class='ocrx_word' id='word_1_44' title='bbox 893 2152 1017 2217; x_wconf 80' lang='lat' dir='ltr'>De</span> <span class='ocrx_word' id='word_1_45' title='bbox 1054 2151 1420 2220; x_wconf 75' lang='lat' dir='ltr'>secunda</span> <span class='ocrx_word' id='word_1_46' title='bbox 1455 2151 1835 2234; x_wconf 75' lang='lat' dir='ltr'><strong>captione</strong></span> <span class='ocrx_word' id='word_1_47' title='bbox 1871 2149 2246 2220; x_wconf 67' lang='lat' dir='ltr'>Gal-arm.</span> 
     </span>
    </p>
   </div>
   <div class='ocr_carea' id='block_1_4' title="bbox 512 2364 2136 4425">
    <p class='ocr_par' dir='ltr' id='par_1_6' title="bbox 512 2364 2136 4425">
     <span class='ocr_line' id='line_1_14' title="bbox 515 2364 2136 2465; baseline 0.002 -27"><span class='ocrx_word' id='word_1_48' title='bbox 515 2364 657 2439; x_wconf 71' lang='lat'>⁴54</span> <span class='ocrx_word' id='word_1_49' title='bbox 1047 2368 1223 2440; x_wconf 79' lang='lat' dir='ltr'>Nam</span> <span class='ocrx_word' id='word_1_50' title='bbox 1258 2365 1512 2441; x_wconf 80' lang='lat' dir='ltr'>accidit</span> <span class='ocrx_word' id='word_1_51' title='bbox 1546 2366 1743 2465; x_wconf 89' lang='lat' dir='ltr'>quod</span> <span class='ocrx_word' id='word_1_52' title='bbox 1781 2364 2136 2442; x_wconf 73' lang='lat' dir='ltr'><strong>Gerardus</strong></span> 
     </span>
     <span class='ocr_line' id='line_1_15' title="bbox 952 2480 1948 2580; baseline 0.002 -25"><span class='ocrx_word' id='word_1_53' title='bbox 952 2489 1266 2556; x_wconf 70' lang='lat' dir='ltr'>casn-um</span> <span class='ocrx_word' id='word_1_54' title='bbox 1301 2480 1607 2557; x_wconf 83' lang='lat' dir='ltr'>habendi</span> <span class='ocrx_word' id='word_1_55' title='bbox 1644 2481 1948 2580; x_wconf 82' lang='lat' dir='ltr'>cupidus</span> 
     </span>
     <span class='ocr_line' id='line_1_16' title="bbox 950 2598 1990 2672; baseline 0.002 -2"><span class='ocrx_word' id='word_1_56' title='bbox 950 2604 1113 2670; x_wconf 81' lang='lat' dir='ltr'>ante</span> <span class='ocrx_word' id='word_1_57' title='bbox 1148 2602 1461 2671; x_wconf 81' lang='lat' dir='ltr'>castrum</span> <span class='ocrx_word' id='word_1_58' title='bbox 1497 2604 1639 2670; x_wconf 78' lang='lat' dir='ltr'>stat</span> <span class='ocrx_word' id='word_1_59' title='bbox 1674 2598 1990 2672; x_wconf 77' lang='lat' dir='ltr'>munitus</span> 
     </span>
     <span class='ocr_line' id='line_1_17' title="bbox 950 2711 1800 2788; baseline -0.001 -1"><span class='ocrx_word' id='word_1_60' title='bbox 950 2711 1041 2787; x_wconf 84' lang='lat' dir='ltr'>de</span> <span class='ocrx_word' id='word_1_61' title='bbox 1076 2712 1365 2788; x_wconf 81' lang='lat' dir='ltr'>armatis</span> <span class='ocrx_word' id='word_1_62' title='bbox 1398 2711 1740 2788; x_wconf 81' lang='lat' dir='ltr'>militibus</span> <span class='ocrx_word' id='word_1_63' title='bbox 1783 2739 1800 2786; x_wconf 73' lang='grc' dir='ltr'>ε</span> 
     </span>
     <span class='ocr_line' id='line_1_18' title="bbox 512 2824 1856 2929; baseline 0.001 -28"><span class='ocrx_word' id='word_1_64' title='bbox 512 2824 655 2901; x_wconf 79' lang='grc'>155</span> <span class='ocrx_word' id='word_1_65' title='bbox 1047 2838 1121 2903; x_wconf 86' lang='lat' dir='ltr'>et</span> <span class='ocrx_word' id='word_1_66' title='bbox 1147 2828 1351 2929; x_wconf 81' lang='lat' dir='ltr'>jubet</span> <span class='ocrx_word' id='word_1_67' title='bbox 1386 2835 1550 2903; x_wconf 78' lang='lat' dir='ltr'>ante</span> <span class='ocrx_word' id='word_1_68' title='bbox 1586 2828 1856 2902; x_wconf 84' lang='lat' dir='ltr'>exitum</span> 
     </span>
     <span class='ocr_line' id='line_1_19' title="bbox 950 2942 1755 3043; baseline -0.002 -24"><span class='ocrx_word' id='word_1_69' title='bbox 950 2944 1052 3020; x_wconf 81' lang='lat' dir='ltr'>sic</span> <span class='ocrx_word' id='word_1_70' title='bbox 1087 2944 1326 3043; x_wconf 80' lang='lat' dir='ltr'>parari</span> <span class='ocrx_word' id='word_1_71' title='bbox 1361 2942 1755 3018; x_wconf 81' lang='lat' dir='ltr'>exercitum</span> 
     </span>
     <span class='ocr_line' id='line_1_20' title="bbox 949 3059 1876 3136; baseline -0.002 0"><span class='ocrx_word' id='word_1_72' title='bbox 949 3069 1028 3136; x_wconf 89' lang='lat' dir='ltr'>ut</span> <span class='ocrx_word' id='word_1_73' title='bbox 1065 3059 1184 3136; x_wconf 87' lang='lat' dir='ltr'>illo</span> <span class='ocrx_word' id='word_1_74' title='bbox 1218 3060 1524 3135; x_wconf 77' lang='lat' dir='ltr'>intrante</span> <span class='ocrx_word' id='word_1_75' title='bbox 1562 3068 1876 3135; x_wconf 77' lang='lat' dir='ltr'>castrum</span> 
     </span>
     <span class='ocr_line' id='line_1_21' title="bbox 950 3176 1983 3252; baseline 0.001 -2"><span class='ocrx_word' id='word_1_76' title='bbox 950 3176 1218 3251; x_wconf 81' lang='lat' dir='ltr'>intrent</span> <span class='ocrx_word' id='word_1_77' title='bbox 1251 3200 1500 3252; x_wconf 82' lang='lat' dir='ltr'>omnes</span> <span class='ocrx_word' id='word_1_78' title='bbox 1535 3176 1678 3251; x_wconf 77' lang='lat' dir='ltr'>cito</span> <span class='ocrx_word' id='word_1_79' title='bbox 1714 3200 1983 3251; x_wconf 79' lang='lat' dir='ltr'><strong>secum.</strong></span> 
     </span>
     <span class='ocr_line' id='line_1_22' title="bbox 514 3291 2040 3391; baseline 0.001 -26"><span class='ocrx_word' id='word_1_80' title='bbox 514 3294 655 3365; x_wconf 83' lang='grc'>156</span> <span class='ocrx_word' id='word_1_81' title='bbox 1047 3292 1172 3368; x_wconf 90' lang='lat' dir='ltr'>Cui</span> <span class='ocrx_word' id='word_1_82' title='bbox 1205 3300 1454 3391; x_wconf 80' lang='lat' dir='ltr'>preter</span> <span class='ocrx_word' id='word_1_83' title='bbox 1487 3317 1693 3391; x_wconf 84' lang='lat' dir='ltr'><strong>spem</strong></span> <span class='ocrx_word' id='word_1_84' title='bbox 1727 3291 1979 3367; x_wconf 77' lang='lat' dir='ltr'>accidit</span> <span class='ocrx_word' id='word_1_85' title='bbox 2023 3317 2040 3365; x_wconf 80' lang='lat' dir='ltr'>t</span> 
     </span>
     <span class='ocr_line' id='line_1_23' title="bbox 948 3408 1945 3508; baseline 0 -25"><span class='ocrx_word' id='word_1_86' title='bbox 948 3432 1113 3483; x_wconf 80' lang='lat' dir='ltr'>nam</span> <span class='ocrx_word' id='word_1_87' title='bbox 1146 3408 1327 3483; x_wconf 84' lang='lat' dir='ltr'>sicut</span> <span class='ocrx_word' id='word_1_88' title='bbox 1361 3408 1712 3508; x_wconf 83' lang='lat' dir='ltr'>propheta</span> <span class='ocrx_word' id='word_1_89' title='bbox 1747 3408 1945 3499; x_wconf 82' lang='lat' dir='ltr'>dicit,</span> 
     </span>
     <span class='ocr_line' id='line_1_24' title="bbox 952 3522 1805 3600; baseline 0.001 -3"><span class='ocrx_word' id='word_1_90' title='bbox 952 3522 1294 3599; x_wconf 81' lang='lat' dir='ltr'>insultans</span> <span class='ocrx_word' id='word_1_91' title='bbox 1331 3524 1512 3599; x_wconf 81' lang='lat' dir='ltr'><strong>male</strong></span> <span class='ocrx_word' id='word_1_92' title='bbox 1548 3524 1805 3600; x_wconf 73' lang='lat' dir='ltr'>cecidit</span> 
     </span>
     <span class='ocr_line' id='line_1_25' title="bbox 948 3637 1980 3739; baseline 0.002 -27"><span class='ocrx_word' id='word_1_93' title='bbox 948 3637 968 3711; x_wconf 93' lang='lat' dir='ltr'>i</span> <span class='ocrx_word' id='word_1_94' title='bbox 975 3664 1023 3713; x_wconf 90' lang='lat' dir='ltr'>n</span> <span class='ocrx_word' id='word_1_95' title='bbox 1058 3639 1389 3739; x_wconf 80' lang='lat' dir='ltr'>laqueum</span> <span class='ocrx_word' id='word_1_96' title='bbox 1425 3665 1643 3739; x_wconf 84' lang='lat' dir='ltr'>quem</span> <span class='ocrx_word' id='word_1_97' title='bbox 1678 3638 1980 3715; x_wconf 83' lang='lat' dir='ltr'>tetendit</span> 
     </span>
     <span class='ocr_line' id='line_1_26' title="bbox 514 3754 1826 3830; baseline 0.001 -1"><span class='ocrx_word' id='word_1_98' title='bbox 514 3757 656 3829; x_wconf 88' lang='grc'>157</span> <span class='ocrx_word' id='word_1_99' title='bbox 1046 3764 1119 3829; x_wconf 84' lang='lat' dir='ltr'>et</span> <span class='ocrx_word' id='word_1_100' title='bbox 1154 3754 1402 3830; x_wconf 84' lang='lat' dir='ltr'>incidit</span> <span class='ocrx_word' id='word_1_101' title='bbox 1434 3756 1507 3830; x_wconf 94' lang='lat' dir='ltr'>in</span> <span class='ocrx_word' id='word_1_102' title='bbox 1543 3756 1826 3830; x_wconf 80' lang='lat' dir='ltr'>foveam</span> 
     </span>
     <span class='ocr_line' id='line_1_27' title="bbox 950 3870 2034 3972; baseline -0.001 -27"><span class='ocrx_word' id='word_1_103' title='bbox 950 3894 1165 3967; x_wconf 75' lang='lat' dir='ltr'><strong>quam</strong></span> <span class='ocrx_word' id='word_1_104' title='bbox 1194 3871 1612 3972; x_wconf 81' lang='lat' dir='ltr'>prophanus</span> <span class='ocrx_word' id='word_1_105' title='bbox 1645 3870 1811 3947; x_wconf 84' lang='lat' dir='ltr'>fecit</span> <span class='ocrx_word' id='word_1_106' title='bbox 1845 3870 2034 3946; x_wconf 82' lang='lat' dir='ltr'>idern</span> 
     </span>
     <span class='ocr_line' id='line_1_28' title="bbox 949 3986 1729 4089; baseline 0.003 -29"><span class='ocrx_word' id='word_1_107' title='bbox 949 3986 1042 4061; x_wconf 82' lang='lat' dir='ltr'>ad</span> <span class='ocrx_word' id='word_1_108' title='bbox 1078 3988 1303 4089; x_wconf 83' lang='lat' dir='ltr'>ipsius</span> <span class='ocrx_word' id='word_1_109' title='bbox 1338 3988 1729 4087; x_wconf 81' lang='lat' dir='ltr'>perniciem</span> 
     </span>
     <span class='ocr_line' id='line_1_29' title="bbox 947 4105 1748 4206; baseline 0.004 -29"><span class='ocrx_word' id='word_1_110' title='bbox 947 4111 1111 4178; x_wconf 81' lang='lat' dir='ltr'>ante</span> <span class='ocrx_word' id='word_1_111' title='bbox 1142 4105 1408 4181; x_wconf 69' lang='lat' dir='ltr'>castelli</span> <span class='ocrx_word' id='word_1_112' title='bbox 1431 4105 1748 4206; x_wconf 83' lang='lat' dir='ltr'>januam.</span> 
     </span>
     <span class='ocr_line' id='line_1_30' title="bbox 512 4221 2048 4297; baseline 0.001 -3"><span class='ocrx_word' id='word_1_113' title='bbox 512 4222 653 4294; x_wconf 86' lang='grc'>158</span> <span class='ocrx_word' id='word_1_114' title='bbox 1049 4222 1225 4294; x_wconf 80' lang='lat' dir='ltr'>Nam</span> <span class='ocrx_word' id='word_1_115' title='bbox 1262 4246 1426 4296; x_wconf 86' lang='lat' dir='ltr'>cum</span> <span class='ocrx_word' id='word_1_116' title='bbox 1463 4221 1730 4297; x_wconf 81' lang='lat' dir='ltr'>intrare</span> <span class='ocrx_word' id='word_1_117' title='bbox 1765 4221 2048 4296; x_wconf 74' lang='lat' dir='ltr'>estimat</span> 
     </span>
     <span class='ocr_line' id='line_1_31' title="bbox 948 4335 1700 4425; baseline 0.005 -16"><span class='ocrx_word' id='word_1_118' title='bbox 948 4344 1028 4410; x_wconf 86' lang='lat' dir='ltr'>ut</span> <span class='ocrx_word' id='word_1_119' title='bbox 1063 4336 1220 4410; x_wconf 83' lang='lat' dir='ltr'>fieri</span> <span class='ocrx_word' id='word_1_120' title='bbox 1258 4335 1700 4425; x_wconf 75' lang='lat' dir='ltr'>decreverat,</span> 
     </span>
    </p>
   </div>
  </div>
 </body>
</html>
