3558 5493
935 581 1022 634 182

978 719 1057 789 61

975 1176 1072 1252 62

993 1769 1117 1836 De
1160 1768 1621 1837 redditione
1666 1766 1888 1834 Novi
1930 1766 2270 1833 Castam
2318 1767 2403 1833 ot
2449 1764 2963 1833 absolutione

970 2104 1065 2174 63

968 2564 1064 2639 64

970 3030 1062 3100 65

968 3492 1063 3562 66

968 4065 1063 4134 67

1888 573 2094 625 GESTA

1462 710 1708 784 Presul
1742 707 2020 783 laborat
2054 708 2314 784 iterum

1365 826 1667 901 liberare
1704 827 1993 924 captum
2029 848 2239 900 suum

1364 939 1457 1016 de
1490 939 1733 1015 furore
1767 947 1878 1012 tot
1910 937 2279 1013 hominum

1365 1055 1500 1131 sibi
1534 1054 2072 1131 inimicantium.

1461 1174 1655 1245 Inter
1689 1168 2020 1245 hostilem
2053 1168 2279 1243 aciem

1362 1286 1616 1362 transit
1649 1285 1894 1385 presul
1929 1284 2226 1359 domum
2257 1308 2460 1360 suam

1363 1402 1487 1477 ubi
1522 1401 1917 1479 Gerardum
1952 1400 2250 1474 militem

1361 1517 1696 1617 perduxit
1732 1517 1805 1591 in
1840 1514 2261 1592 custodiam.

1789 1872 2164 1940 Gerarffl.

1458 2096 1604 2173 Sub
1642 2095 1757 2170 die
1795 2106 2033 2172 autem
2067 2097 2291 2173 tercio

1286 2257 1298 2267 ·
1360 2236 1502 2287 non
1539 2220 1809 2286 temere
1846 2236 1980 2286 nec
2015 2211 2252 2286 subito

1357 2327 1486 2404 sed
1522 2327 1884 2402 communi
1920 2328 2210 2403 consilio

1355 2447 1439 2521 fit
1473 2445 1814 2546 placitum
1849 2444 1941 2520 de
1966 2445 2320 2521 Gerardo.

1456 2563 1812 2637 Statutum
1847 2586 2024 2636 vero
2059 2562 2297 2662 placiti

1358 2687 1431 2754 et
1465 2677 1794 2753 ordinem
1827 2678 2097 2754 consilii

1357 2795 1520 2870 volo
1555 2793 1782 2869 sciant
1815 2794 2124 2870 universi

1357 2918 1505 2985 tam
1541 2918 1915 3009 presentes
1950 2934 2168 3008 quam
2199 2908 2419 2986 fiituri
2464 2936 2479 2984 ε

1455 3033 1565 3100 est
1599 3024 1792 3100 enim
1826 3025 2227 3101 necessaria

1356 3140 1532 3217 haec
1566 3141 1829 3241 pactio,
1871 3128 2048 3216 haec
2080 3139 2308 3242 gratia

1358 3265 1436 3333 ut
1471 3256 1678 3332 nobis
1714 3257 1787 3330 in
1824 3264 2172 3355 perpetua

1355 3371 1701 3446 habeatur
1735 3371 2106 3446 memoria.

1453 3492 1531 3562 In
1566 3494 1954 3587 conspectu
1989 3487 2368 3587 insignium

1354 3599 1684 3675 videlicet
1719 3610 2151 3689 casatorum,

1357 3713 1778 3789 clericorum
1813 3724 1887 3790 et
1921 3715 2186 3789 civium

1356 3829 1713 3908 Get-ardus
1747 3835 2024 3907 Novum
2060 3830 2438 3909 Castellum

1356 3945 1597 4020 reddit
1629 3946 1902 4045 pastori
1937 3946 2237 4022 liberum
2285 3973 2302 4020 ε

1452 4060 1852 4160 horumque
1886 4062 1956 4136 in
1996 4062 2353 4161 presentia

1357 4186 1592 4253 cetera
1627 4177 1970 4253 beneficia

1356 4292 1626 4392 pastori
1663 4293 2087 4392 pertinentia
