3558 5493
498 834 640 909 302

506 1294 646 1365 303

508 1750 651 1826 304

513 2219 653 2289 305

517 2680 658 2752 306

521 3143 662 3212 307

525 3603 665 3675 308

532 4068 672 4138 309

1377 578 1715 631 mmmm

931 715 1047 789 hie
1081 714 1290 789 dietis
1325 723 1399 788 et
1433 712 1785 811 superius.

1031 833 1207 904 Nam
1239 829 1439 904 illum
1473 828 1637 903 hine
1670 827 2084 927 episcopum

934 945 1411 1046 magnificant,
1450 942 1877 1018 benedicunt

933 1071 1005 1136 et
1040 1060 1347 1162 gratiant
1378 1069 1450 1134 et
1485 1058 1785 1158 diligunt
1867 1106 1872 1115 ι

934 1176 1010 1252 hi
1046 1177 1262 1251 etiam
1296 1176 1420 1274 qui
1456 1175 1729 1250 odiunt.

1041 1291 1230 1367 Fecit
1266 1299 1434 1389 post
1466 1290 1639 1364 haec
1676 1313 1894 1388 quam
1929 1287 2133 1364 eitius

937 1406 1278 1482 ultionem
1312 1407 1691 1504 episcopus

940 1522 1032 1597 de
1068 1522 1336 1598 clericis
1372 1522 1703 1596 euntibus

942 1637 1183 1714 Remis
1220 1636 1312 1711 ad
1350 1661 1558 1711 suum
1593 1635 1929 1710 dedecus.

1040 1750 1445 1826 prebendas
1480 1750 1614 1825 illis
1650 1748 1962 1837 abstulit,

944 1868 1431 1965 possessiones
1466 1866 1685 1941 diruit
1728 1893 1743 1937 z

943 2007 1250 2083 quorum
1284 1984 1592 2058 honores
1628 1982 1880 2056 ceteris
1965 2034 1972 2039 ·

947 2099 1083 2173 sibi
1121 2098 1455 2199 subjectis
1492 2097 1810 2172 contulit.

1046 2215 1175 2289 Hie
1209 2214 1299 2289 ad
1338 2215 1543 2288 istam
1580 2213 1987 2288 aecclesiam

950 2330 1185 2404 elerici
1222 2330 1342 2427 qui
1382 2337 1868 2403 remanserant

946 2470 1080 2544 per
1114 2444 1422 2520 eundem
1457 2444 1871 2543 pontificem

949 2560 1075 2637 Dei
1111 2569 1330 2660 agunt
1364 2560 1804 2635 servitutem.

1051 2679 1240 2766 Quos
1274 2676 1518 2775 presul
1555 2700 1724 2774 sepe
1764 2674 2025 2762 visitat,

953 2791 1223 2867 servire
1258 2797 1405 2867 Deo
1441 2791 1686 2865 incitat

954 2915 1437 3005 quantumque
1475 2915 1712 3004 potest
1747 2904 2036 3004 adjuvat

955 3031 1027 3096 et
1062 3022 1134 3097 in
1168 3022 1386 3096 rebus
1422 3020 1865 3119 multiplicat.

1055 3138 1185 3227 Qui
1218 3133 1528 3236 *quatuor
1562 3135 1804 3210 altaria

956 3252 1048 3328 de
1085 3252 1442 3352 Cantengh
1479 3261 1554 3325 et
1588 3251 1679 3327 de
1714 3250 2015 3338 Rihwia,

957 3368 1050 3444 de
1086 3367 1457 3443 Wanbaizs
1492 3376 1567 3440 et
1601 3366 1693 3441 de
1732 3366 2047 3442 Wethria

959 3482 1158 3559 dedit
1191 3483 1295 3557 eis
1330 3493 1403 3557 et
1438 3483 1594 3557 alia.

1058 3602 1251 3673 Tune
1285 3597 1641 3696 aliquanto
1677 3608 2002 3696 tempore

962 3715 1223 3790 mansit
1255 3714 1419 3789 huic
1454 3715 1829 3789 aecclesiae

961 3837 1035 3905 et
1072 3855 1275 3905 amor
1310 3854 1475 3904 cum
1512 3829 1850 3904 solamine

964 3957 1038 4023 et
1070 3972 1213 4045 pax
1249 3970 1412 4021 eum
1447 3945 1908 4044 plenitudine.

1066 4062 1269 4154 Quod
1306 4062 1540 4136 cleriei
1576 4086 1739 4136 curn
1775 4061 2135 4136 audissent

969 4177 1091 4274 qui
1121 4176 1271 4276 jam
1305 4175 1545 4251 Remis
1581 4174 1925 4263 abierant,

970 4301 1115 4365 tarn
1152 4302 1421 4367 temere
1457 4290 1822 4366 ecclesiam

2542 575 2602 628 53
