3558 5493
600 1061 692 1130 60

601 1527 678 1599 61

601 1989 694 2061 62

600 2452 691 2522 63

602 2913 696 2986 64

603 3379 695 3447 65

608 3842 702 3911 66

631 4328 680 4382 1.
724 4327 885 4385 Dans
915 4326 971 4385 la
999 4327 1250 4386 version
1282 4329 1561 4399 francaise
1583 4350 1607 4385 -:
1641 4333 1674 4384 ὰ
1706 4335 1760 4386 la
1786 4337 1941 4401 porte
1970 4333 2033 4385 de
2063 4331 2243 4387 Sellas.

1367 574 1751 627 BURGHARDI.
1787 575 1825 625 1.

989 710 1365 785 duodecim
1401 735 1538 809 pro
1574 711 1741 800 filia,

990 826 1189 902 dedit
1224 836 1297 902 et
1331 828 1463 901 hec
1500 835 1575 903 et
1607 828 1739 903 alia

988 941 1177 1018 dona
1212 941 1726 1017 memorabilia.

1085 1058 1198 1133 Sic
1234 1066 1462 1133 matre
1494 1059 1737 1156 sicque
1774 1059 1938 1132 filiis

988 1198 1120 1271 per
1156 1173 1476 1250 abbatias
1513 1175 1763 1274 positis

987 1289 1515 1366 Werimboldus
1554 1290 1626 1365 in
1663 1292 1818 1365 aliis

989 1414 1275 1482 exercet
1312 1408 1736 1483 elemosinis.

1086 1522 1196 1599 Ad
1230 1516 1480 1621 portae
1518 1524 1720 1599 salis¹
1763 1524 2141 1599 transitum

992 1647 1333 1714 statutum
1370 1648 1522 1713 erat
1558 1638 1850 1715 feodum

988 1755 1307 1854 accipere
1345 1756 1722 1856 pedagium

991 1870 1082 1944 de
1117 1869 1335 1945 rebus
1373 1871 1916 1959 transeuntium,

1088 1995 1160 2060 et
1196 1986 1269 2059 in
1306 1986 1423 2061 illo
1459 1988 1709 2063 itinere

989 2101 1300 2176 debebat
1333 2112 1629 2201 pontem
1667 2105 1901 2177 facere

988 2217 1279 2315 quidam
1315 2218 1748 2294 Fulchardus
1784 2218 2069 2292 nomine

989 2358 1205 2432 quem
1242 2334 1530 2410 tenebat
1565 2337 1655 2411 de
1691 2335 2003 2435 presule.

1087 2453 1194 2525 An
1232 2450 1745 2527 destruendum
1784 2452 2065 2551 penitus

990 2566 1122 2640 hos
1161 2567 1566 2664 pestilentes
1603 2567 1927 2643 redditus

991 2680 1339 2757 laboravit
1376 2683 1904 2762 werimboldus

991 2806 1063 2873 et
1098 2808 1393 2899 argento
1431 2808 1502 2873 et
1537 2800 1900 2898 precibus.

1089 2914 1409 3014 Cogitatu
1447 2915 1892 2990 sanctissimo

990 3028 1080 3104 ad
1117 3029 1254 3103 hoc
1289 3030 1565 3105 laborat
1598 3031 1857 3105 merito
1903 3058 1918 3102 :

991 3167 1154 3219 nam
1191 3168 1356 3219 cum
1391 3145 1561 3220 fletu
1600 3145 2039 3220 creberrimo

991 3260 1229 3359 pontis
1259 3270 1415 3336 erat
1448 3262 1800 3338 transitio.

1089 3376 1425 3452 Crudeles
1458 3378 1650 3451 enim
1685 3377 1928 3452 famuli

991 3502 1401 3592 receptores
1440 3493 1720 3593 pedagii

992 3632 1156 3683 cum
1191 3608 1488 3684 deerant
1523 3610 1792 3685 denarii

990 3723 1331 3799 tollebant
1364 3750 1666 3823 cappam
1703 3725 1947 3799 rustici

1094 3849 1215 3915 aut
1250 3841 1559 3916 tunicam
1599 3848 1720 3914 aut
1754 3840 2044 3939 pallium

994 3964 1115 4030 aut
1150 3955 1451 4031 bestiam
1486 3964 1609 4033 aut
1644 3957 1945 4031 alterum

993 4072 1495 4171 quodcumque
1529 4073 2041 4147 vadimonium.

2584 578 2660 629 ¹31
