3558 5493
972 586 1058 638 ¹94
1928 584 2131 638 GESTA

967 719 1111 795 144
1503 723 1804 816 Propter
1841 719 1973 792 ista
2008 725 2079 793 et
2115 717 2247 792 alia

1156 839 1167 860 ⁸
1401 835 1587 910 mala
1620 833 2000 910 ineffabilia

1403 977 1445 1025 a
1478 950 1760 1049 presule
1797 975 1941 1025 non
1977 948 2256 1024 modion

1402 1075 1877 1166 congregatur
1911 1065 2182 1140 militia.

967 1183 1108 1257 145
1502 1186 1637 1257 Per
1671 1182 1944 1283 legatos
1979 1190 2054 1256 et
2088 1180 2327 1279 apiees

1404 1296 1495 1371 ad
1531 1322 1608 1371 se
1647 1297 1891 1372 venire
1930 1297 2184 1370 milites

1405 1411 1692 1486 mandat
1727 1411 1968 1511 presul
2006 1411 2370 1501 velociter,

1403 1552 1530 1602 eor
1564 1527 1932 1602 continens
1966 1525 2292 1601 viriliter.

967 1642 1109 1717 146
1500 1649 1692 1718 Tunc
1727 1642 2026 1717 electam
2059 1649 2132 1716 et
2168 1641 2483 1716 nobilem

1404 1766 1598 1832 tenet
1634 1757 1876 1856 presul
1913 1756 2244 1831 familiam

1402 1898 1584 1970 quae
1619 1873 1945 1947 hostibus
1980 1870 2370 1946 terribilem

1403 1988 1770 2088 ingerebat
1804 1986 2284 2062 formidinem.

963 2235 1087 2300 De
1125 2247 1416 2300 werra.
1453 2233 1672 2300 inter
1716 2233 2196 2315 episcopum
2234 2231 2322 2299 et
2361 2231 2818 2299 Ger-ardum
2866 2231 3074 2299 orta.

969 2455 1111 2529 147
1502 2458 1682 2529 Ecce
1718 2478 1960 2529 werra
1994 2454 2341 2541 exoritur,

1403 2594 1731 2645 crescens
1767 2570 2035 2644 malum
2069 2569 2431 2646 extollitur
2478 2596 2493 2642 ε

1404 2683 1607 2759 multi
1646 2684 1838 2759 enim
1873 2685 2273 2784 capiuntur,

1402 2800 1605 2875 multi
1644 2825 1819 2875 vero
1855 2800 2301 2876 occiduntur.

969 2915 1110 2990 148
1501 2916 1611 2990 nii
1648 2926 1720 2991 et
1757 2916 1856 2989 illi
1892 2917 2317 3015 alterutrum

1404 3032 1658 3107 crebro
1695 3032 1906 3106 simul
1943 3033 2373 3107 conveniunt
2418 3060 2434 3105 ε

1404 3145 1522 3222 isti
1560 3146 1715 3222 illos
1750 3171 1921 3244 sepe
1959 3155 2296 3245 querunt,

1403 3270 1692 3360 captant
1723 3262 1834 3336 vel
1875 3261 2332 3337 interficiunt.

969 3374 1109 3451 149
1500 3380 1815 3474 Utraque
1849 3387 2053 3474 parte
2089 3377 2347 3452 milites

1404 3499 1682 3566 vastant
1717 3491 1919 3565 villas
1955 3500 2030 3565 et
2062 3500 2367 3591 segetes,

1403 3605 1599 3704 quod
1636 3615 1800 3680 ante
1838 3632 1914 3681 se
1949 3607 2248 3705 quisque
2284 3606 2482 3682 videt

1404 3719 1734 3820 dissipari
1768 3746 1912 3796 non
1951 3730 2300 3798 remanet.

967 3839 1109 3909 150
1501 3821 1858 3913 Gerardus
1894 3862 2115 3936 super
2145 3837 2521 3914 Castellum

1403 3957 1639 4024 totum
1672 3952 2048 4050 imponens
2083 3952 2402 4028 animum

1404 4074 1479 4139 et
1513 4089 1848 4167 magnum
1888 4068 2124 4142 ferens
2158 4067 2405 4143 odium

1402 4180 1811 4279 habensque
1846 4181 2281 4258 desiderium

973 4299 1096 4369 151
1502 4304 1584 4369 ut
1615 4296 1798 4370 forte
1834 4297 1968 4372 sibi
2004 4297 2275 4373 aecidat
