3558 5493
983 548 1077 600 210
1933 542 2136 595 GESTA

1420 677 1738 753 refutatis
1773 675 2141 752 obsidibus

1420 803 1492 869 et
1526 801 1769 892 presto
1805 793 2061 867 fidem¹
2105 793 2258 868 eius

1419 933 1847 985 conservare
1879 909 2284 1007 episcopus.

980 1029 1123 1103 256
1516 1026 1809 1100 Nolente
1845 1045 2020 1125 ergo
2057 1028 2365 1124 Symone

1418 1139 1507 1214 ad
1546 1140 1906 1238 presulem
1940 1163 2261 1213 remeare

1417 1280 1547 1329 nec
1582 1255 1938 1354 promissa
1973 1278 2319 1354 peragere

1414 1369 1897 1470 permanentis
1932 1369 2257 1457 fiduciae,

978 1491 1121 1565 257
1514 1485 1759 1561 dicunt
1795 1486 1987 1562 cives
2024 1485 2437 1584 episcopum

1416 1602 1507 1676 de
1544 1602 1687 1676 fide
1723 1627 1880 1677 esse
1912 1603 2242 1689 liberum,

1416 1716 1538 1813 qui
1575 1715 1665 1790 de
1702 1725 1938 1791 castro
1973 1716 2363 1816 pollicitum

1417 1856 1560 1907 non
1593 1832 1808 1907 habet
1844 1831 2352 1907 vadimonium.

977 1953 1121 2027 258
1513 1948 1715 2025 Cives
1750 1958 1989 2021 tamen
2025 1972 2165 2042 non
2200 1946 2479 2020 modice

1414 2063 1820 2139 dubitantes
1855 2063 1946 2137 de
1980 2067 2288 2161 Symone

1415 2178 1597 2253 sicut
1631 2178 1723 2252 de
1757 2179 1917 2253 viro
1953 2177 2175 2252 divite

1415 2294 1538 2391 qui
1574 2294 1840 2368 malum
1876 2302 2114 2393 potest
2150 2294 2382 2368 facere

974 2413 1119 2490 259
1511 2419 1820 2508 querunt
1855 2410 1989 2485 sibi
2024 2410 2362 2486 auxilium

1414 2550 1456 2598 a
1492 2526 1749 2599 comite
1784 2525 2291 2600 Montensium²

1419 2646 1631 2738 atque
1667 2641 2280 2717 cameracensium

1413 2757 1547 2831 sibi
1585 2766 1862 2833 casatos
1896 2758 2286 2845 attrahunt,

973 2875 1118 2948 260
1511 2872 1585 2946 in
1621 2874 1904 2949 firmam
1931 2872 2312 2948 amicitiam

1412 2995 1486 3063 et
1517 2987 1782 3064 bonam
1820 2988 2339 3077 sustinentiam,

1410 3104 1665 3205 ligatos
1700 3130 1834 3204 per
1868 3103 2387 3179 communiam³

1413 3229 1484 3294 et
1519 3245 1652 3319 per
1687 3222 1906 3296 fidem
1938 3219 2348 3295 exhibitam.

1047 3413 1095 3468 l.
1138 3415 1322 3483 fidem.
1352 3413 1514 3470 Dans
1541 3411 1596 3470 le
1622 3429 1733 3469 ms.
1767 3411 2075 3469 au-dessus
2107 3411 2178 3470 de
2207 3412 2264 3470 la
2291 3412 2465 3485 ligne.

1045 3501 1100 3559 2.
1140 3501 1444 3558 Bandouin
1470 3500 1576 3571 IV,
1608 3507 1796 3558 comte
1819 3500 1892 3557 de
1920 3501 2199 3574 Hainaut,
2231 3505 2566 3559 sumomme
2596 3505 2645 3559 le
2676 3502 2971 3559 Batisseur.

1046 3589 1099 3646 3.
1141 3589 1223 3646 Le
1254 3598 1376 3646 mot
1402 3592 1724 3645 communia
1768 3589 1988 3647 semble
2030 3590 2285 3663 signifier
2325 3590 2431 3661 ici,
2475 3606 2590 3647 non
2629 3605 2731 3664 pas
2772 3605 3087 3653 commune,

973 3676 1123 3733 mais
1143 3681 1403 3742 anianae,
1438 3681 1838 3747 conspiration.
1871 3678 2032 3734 Dans
2055 3678 2138 3735 les
2158 3685 2350 3734 autres
2368 3676 2625 3734 endroits
2645 3677 2716 3734 de
2740 3685 2905 3735 notre
2925 3677 3095 3734 docu-

975 3773 1138 3823 ment
1163 3769 1239 3823 οὺ
1266 3766 1310 3822 il
1338 3773 1427 3823 est
1454 3766 1717 3841 employe
1750 3766 2034 3841 (indiques
2063 3768 2098 3823 a
2126 3766 2181 3825 la
2209 3768 2289 3824 fin
2317 3766 2395 3823 du
2426 3766 2658 3824 volume
2686 3766 2830 3824 dans
2859 3765 2917 3823 la
2943 3764 3095 3822 table

975 3853 1076 3912 des
1094 3861 1308 3911 termes
1336 3854 1408 3912 de
1434 3855 1602 3912 basse
1631 3854 1877 3927 latinite,
1909 3874 1978 3913 au
2003 3864 2126 3914 mot
2146 3857 2510 3930 communia),
2541 3855 2583 3912 il
2605 3862 2742 3930 peut
2760 3872 2822 3913 se
2841 3853 3094 3913 traduire

975 3961 1079 4019 par
1105 3960 1411 4009 commune,
1444 3944 1593 4002 mais
1623 3961 1697 4001 en
1727 3946 2086 4004 l'ententlant
2113 3946 2257 4004 dans
2276 3962 2360 4002 un
2379 3962 2513 4002 sens
2535 3945 2645 4003 fort
2663 3943 2914 4018 general,
2944 3960 3095 4001 mar·

975 4040 1160 4107 quant
1185 4032 1522 4090 l'ensemble
1549 4032 1650 4091 des
1679 4034 1969 4093 habitante
1996 4035 2068 4092 de
2099 4035 2154 4092 la
2181 4034 2314 4092 ville
2332 4036 2431 4109 (sui
2453 4034 2730 4091 n’etaient
2749 4050 2853 4107 pas
2871 4031 3091 4105 nobles,

976 4128 1036 4180 et
1062 4139 1182 4181 non
1211 4139 1310 4197 pas
1337 4140 1455 4180 une
1483 4140 1772 4181 commune
1799 4130 2166 4199 proprement
2192 4123 2332 4198 dite,
2363 4130 2541 4199 ayant
2562 4140 2678 4182 une
2705 4123 3093 4198 organisation

976 4227 1178 4285 propre
1207 4220 1266 4269 et
1292 4211 1392 4270 des
1421 4211 1600 4271 droits
1629 4214 2005 4287 municipaux
2036 4229 2353 4286 reconnuS‚
2385 4212 2647 4270 limitant
2672 4228 2817 4270 ceux
2845 4211 2947 4269 des
2975 4212 3091 4269 sei-

976 4316 1191 4373 gneurs
1220 4300 1480 4359 feodanx.
