3558 5493
904 691 1051 769 224

906 1151 1052 1229 225

905 1617 1051 1695 226

909 2077 1055 2156 227

912 2540 1057 2616 228

913 2999 1059 3078 229

914 3460 1059 3535 230

911 3926 1043 4002 231

1853 555 2061 608 omn

1442 690 1803 767 versatilis
1840 699 1952 765 est
1985 690 2294 778 fortuna,

1347 804 1419 878 in
1458 829 1599 901 qua
1633 805 1815 880 fides
1851 830 1992 879 non
2030 813 2145 881 cst
2177 806 2386 880 firma
2431 832 2448 877 ε

1344 944 1510 995 nam
1543 920 1754 995 hodic
1793 921 1853 995 si
1891 922 1984 996 sit
2016 920 2230 1011 bona,

1345 1061 1503 1112 cras
1537 1037 1777 1112 veniet
1810 1037 2241 1136 importuna.

1443 1152 1648 1242 Quod
1683 1177 1939 1236 verum
1974 1178 2132 1229 esse
2167 1151 2461 1251 predico

1344 1291 1475 1366 per
1511 1268 1627 1343 illa
1663 1294 1845 1367 quac
1882 1269 2226 1368 episcopo
2489 1255 2498 1264 ⁰

1345 1408 1517 1457 mox
1552 1384 1891 1460 accidisse
1926 1384 2138 1460 vidco

1344 1498 1480 1574 sub
1518 1498 1721 1575 brevi
1756 1501 2050 1600 quidem
2082 1500 2417 1575 termino,

1442 1619 1616 1689 Nam
1654 1615 1745 1691 de
1782 1625 2019 1691 castro
2054 1615 2190 1692 sibi
2225 1615 2393 1691 dato

1345 1738 1558 1829 atque
1593 1755 1825 1831 nuper
1859 1731 2215 1832 adquisito

1345 1846 1520 1922 dum
1553 1855 1759 1947 putat
1793 1872 1951 1923 esse
1988 1848 2241 1923 fortior

1347 1970 1420 2035 ct
1453 1962 1526 2035 in
1563 1988 1737 2061 pace
1773 1962 2117 2052 securior,

1446 2087 1692 2153 monet
1727 2081 1997 2178 Symon
2033 2079 2473 2181 episcopum,

1348 2193 1742 2268 Gerar-dum
1778 2194 2008 2270 sciens
2042 2202 2431 2282 mortuum,

1346 2315 1429 2382 ut
1463 2308 1691 2383 donec
1727 2309 1940 2384 habet
1975 2310 2243 2385 licitum

1351 2422 1567 2498 donet
1602 2424 1668 2498 ei
1703 2426 2272 2501 Sanctobcrtum.

1450 2539 1680 2628 Quod,
1725 2540 1908 2616 sicut
1943 2550 2052 2616 est
2087 2541 2357 2617 dictum
2391 2564 2634 2639 supra,

1353 2653 1491 2730 sibi
1525 2654 1696 2730 darc
1732 2657 2106 2759 pepigerat

1353 2770 1517 2846 data
1547 2771 1712 2847 inde
1749 2772 1997 2849 fidutia

1352 2911 1485 2985 per
1520 2886 1708 2961 bona
1744 2888 2174 2964 testimonia.

1452 3002 1826 3103 Pepigerat
1860 3006 2127 3102 Symon
2162 3027 2448 3102 quoquc

1348 3115 1687 3215 episcopo
1723 3117 1881 3215 pari
1918 3117 2060 3192 fide

1352 3231 1519 3305 hinc
1555 3229 1844 3305 obsides
1880 3231 2111 3306 bonos
2148 3233 2319 3308 dare

1351 3353 1425 3418 ct
1459 3369 1594 3443 per
1630 3369 1832 3420 sacra
1869 3347 2291 3421 confirmare

1452 3459 1617 3558 quia
1656 3459 1777 3533 illo
1813 3458 1904 3534 de
1941 3461 2227 3535 castello

1356 3574 1626 3650 nullum
1662 3574 2053 3674 dampnum
2091 3575 2469 3675 aliquando

1355 3692 1674 3767 eveniret
1709 3694 2050 3792 episcopo

1352 3832 1586 3907 neque
1621 3810 2014 3895 successori
2054 3834 2186 3886 suo

1454 3949 1583 3999 nec
1617 3925 1891 4001 civibus
1928 3928 2280 4003 cameraci

1355 4064 1485 4114 nec
1519 4041 1788 4138 patriae
1823 4042 2333 4132 circumstanti,

1355 4154 1483 4230 sed
1518 4158 1873 4232 communi
1911 4183 2084 4257 pace
2119 4158 2256 4234 tuti

1354 4270 1589 4345 forent
1623 4271 1815 4347 cives
1850 4281 1922 4347 ct
1956 4273 2229 4349 rustici.
