3558 5493
894 529 987 582 202
1844 526 2046 577 GESTA

1336 660 1655 759 ejusdem
1691 660 1920 734 noctis
1954 669 2280 758 tempore

1333 776 1668 850 mandato
1704 800 1868 850 cum
1903 775 2238 874 pontifice

1335 901 1593 991 nepote
1631 891 1796 967 suo¹
1836 896 2146 993 Symone

895 1013 1039 1087 203
1433 1017 1645 1106 atque
1681 1008 1927 1106 paucis
1963 1009 2368 1085 convocatis

1330 1123 1421 1199 de
1456 1123 1863 1198 hominibus
1895 1124 2227 1222 presuIiS,

1334 1240 1740 1315 obtulerunt
1776 1239 2090 1338 pontifici

1335 1354 1878 1431 Sanctobertum
1909 1355 2230 1431 exhiberi
2276 1385 2291 1430 :

896 1472 1042 1549 204
1432 1471 1755 1570 pactione
1793 1479 2030 1546 tamen
2066 1472 2187 1546 tali

1335 1588 1392 1663 si
1433 1613 1696 1686 pueros
1733 1586 2127 1662 reddiderit

1334 1709 1407 1780 et
1443 1703 1710 1778 amicos
1745 1703 1904 1780 illos
1942 1702 2079 1778 sibi

1336 1841 1766 1916 componere
1801 1817 2131 1893 voluerit.

900 1937 1043 2010 205
1434 1934 1545 2008 Ad
1579 1933 1716 2007 hoc
1752 1956 1931 2031 ergo
1969 1932 2453 2032 peragendum

1335 2049 1468 2124 fuit
1503 2047 1722 2123 breve
1758 2047 2130 2124 consilium

1337 2163 1500 2262 quia
1536 2162 1676 2238 diei
1713 2163 2126 2262 proximum

1328 2279 1476 2379 jam
1510 2278 1852 2353 videbant
1886 2279 2411 2377 crepusculum.

897 2400 1043 2473 206
1434 2398 1650 2468 Favet
1686 2395 1928 2469 statim
1964 2395 2342 2493 episcopus

1338 2509 1538 2583 factis
1574 2510 2062 2608 petitionibus,

1333 2622 1572 2699 reddit
1608 2624 1911 2701 infantes
1947 2622 2300 2724 patribus,

1336 2739 1642 2839 receptis
1677 2740 1892 2816 castri
1929 2739 2274 2817 clavibus.

899 2861 1042 2934 207
1435 2857 1637 2947 Quod
1675 2858 1917 2956 presul
1956 2857 2028 2931 in
2061 2882 2275 2935 manu
2313 2880 2440 2932 sua

1336 2981 1488 3048 tuta
1523 2983 1770 3047 tenens
1807 2971 2091 3062 fiducia,

1339 3089 1674 3163 familiam
1712 3089 1809 3163 ibi
1846 3089 2032 3165 locat

1338 3228 1521 3301 quae
1559 3203 1924 3278 castellum
1959 3203 2316 3279 custodiat

905 3322 1049 3397 208
1441 3322 1501 3393 A
1535 3317 1820 3392 rusticis
1856 3318 1939 3392 fit
1973 3326 2224 3417 postea

1344 3433 1661 3533 pontifici
1703 3433 2050 3509 securitas

979 3656 1028 3711 1.
1071 3653 1445 3712 C'est-a-dire
1470 3670 1571 3712 son
1599 3660 1795 3713 cousin
1821 3658 2082 3726 yermain
2111 3674 2128 3710 .·
2159 3670 2256 3713 car
2285 3653 2340 3713 19
2367 3654 2501 3729 pere
2530 3655 2602 3713 de
2629 3653 2860 3713 Nicolas
2889 3653 3030 3712 &tait

907 3744 960 3801 19
981 3742 1127 3801 frere
1145 3742 1292 3801 dela
1307 3743 1467 3802 mere
1487 3743 1556 3801 de
1574 3742 1781 3802 Simon
1802 3745 2005 3817 (comp.
2037 3742 2168 3817 plus
2189 3743 2336 3801 haut
2356 3759 2409 3816 p.
2435 3743 2562 3816 117,
2582 3760 2642 3800 n.
2665 3743 2721 3816 2,
2742 3749 2804 3799 et
2819 3760 2876 3816 p.
2903 3741 3027 3812 176,

905 3848 965 3889 n.
1008 3832 1085 3905 2),
1122 3847 1347 3891 comme
1389 3831 1443 3890 19
1480 3832 1568 3890 dit
1605 3832 1764 3891 aussi
1803 3832 2236 3907 expressement
2266 3831 2540 3889 Lambert
2575 3831 2647 3889 de
2682 3831 2977 3890 Watrelos
3010 3846 3026 3889 t

905 3925 1101 3979 presul
1137 3926 1290 3978 onim
1330 3925 1471 3978 cives
1507 3939 1633 3979 suos
1668 3925 1924 3995 cupiebat
1961 3925 2153 3980 sedare
2189 3928 2241 3979 et
2267 3923 2579 3990 Simonem,
2620 3928 2805 3993 utpote
2839 3938 3028 3979 mauu

908 4027 1110 4067 mimz
1142 4027 1302 4085 sum,
1330 4027 1399 4069 ex
1430 4010 1542 4069 fide
1564 4011 1766 4085 juvare
1798 4014 1873 4086 (p.
1906 4012 2051 4084 514).
2098 4010 2192 4069 On
2230 4012 2343 4069 sait
2377 4011 2457 4069 dn
2495 4017 2645 4069 reste
2682 4027 2796 4085 que
2824 4009 2878 4067 19
2905 4018 3031 4068 mot

909 4115 1074 4171 nepos
1100 4099 1254 4157 avait
1289 4099 1648 4177 quelquefois
1676 4107 1827 4159 cette
1856 4099 2248 4174 signification
2276 4099 2423 4158 dans
2453 4100 2508 4158 19
2537 4100 2679 4157 latin
2707 4099 2788 4157 dn
2815 4116 3027 4173 moyen

907 4187 1015 4261 Age
1059 4187 1262 4261 (comp.
1310 4187 1404 4245 Du
1446 4188 1666 4262 Gange,
1711 4192 2058 4248 Glossarium
2100 4190 2313 4244 mediae
2360 4194 2410 4244 et
2440 4191 2668 4258 infimae
2697 4189 3022 4247 latinitatis.

910 4273 1004 4331 ed.
1035 4273 1350 4347 Henschel,
1379 4282 1421 4332 t.
1453 4275 1558 4347 IV,
1588 4292 1645 4350 p.
1679 4275 1807 4348 62⁰,
1838 4275 1945 4333 col.
1977 4275 2054 4347 2).
