3558 5493
595 1099 688 1169 33

595 1557 688 1631 34

593 2025 683 2109 35

533 2401 538 2407 ‘
590 2488 681 2558 36

587 2951 679 3022 37

586 3411 676 3480 38

584 3810 675 3941 :39

584 4326 678 4400 40

1202 594 1210 601 ’
1360 621 1751 674 monum.
1781 623 1847 673 u.

963 866 1286 949 Quanta.
1332 867 1694 934 adversa
1737 880 2045 947 passus
2092 865 2230 933 sit.

935 1092 1331 1169 Sacrandus
1365 1093 1583 1194 igitur
1613 1093 1877 1169 electus
1912 1084 2217 1170 Domini

832 1219 1178 1309 quantum
1211 1211 1525 1286 anterius
1559 1209 1773 1286 habet
1809 1212 2169 1298 contrarii,

832 1335 1174 1424 quantum
1211 1326 1636 1415 discordiae,
1679 1333 2024 1424 quantum
2058 1327 2378 1425 periculi,

834 1440 956 1541 qui
992 1443 1124 1517 hec
1158 1442 1490 1517 videbitis
1525 1442 2071 1519 admirabimini.

931 1562 1247 1656 Namque
1282 1565 1450 1632 tunc
1486 1559 1833 1658 temporis
1871 1568 2025 1633 erat
2063 1557 2433 1634 discidium

835 1673 1017 1747 inter
1053 1672 1431 1771 imperium
1467 1682 1543 1747 et
1577 1674 2081 1763 sacerdotium,

832 1796 1046 1885 atque
1079 1797 1465 1885 propterea
1503 1814 1643 1862 non
1682 1813 1817 1886 per
1852 1788 2213 1863 biennium

832 1906 1218 2003 impetrare
1253 1905 1384 1980 sibi
1424 1905 1659 2004 potuit
1692 1906 1955 1980 oleum.

929 2022 1254 2095 Attamen
1291 2020 1554 2096 electus
1590 2047 1724 2120 per
1757 2020 1883 2095 Dei
1918 2021 2218 2121 gratiam

829 2145 1099 2233 spectat
1135 2134 1494 2210 humiliter
1527 2136 2114 2226 misericordiam,

830 2252 1359 2351 archiepiscopo
1395 2253 1723 2328 Remensi
1762 2253 2076 2329 debitam

830 2378 1116 2468 praesto
1147 2368 1569 2468 promittere
1606 2369 2084 2446 obedientiam

929 2510 1129 2559 more
1165 2484 1583 2584 pontificum
1618 2511 1696 2561 se
1732 2487 2293 2585 precedentium,

829 2601 952 2698 qui
990 2625 1276 2700 semper
1310 2601 1600 2677 domino
1639 2602 1824 2700 patri
1860 2604 2314 2679 Remensium

828 2714 1123 2816 subjecti
1146 2716 1412 2817 jugiter
1446 2717 1763 2792 fecerunt
1796 2717 2117 2795 debitum
2218 2807 2233 2815 “

826 2830 1352 2906 christianitatis
1384 2856 1551 2907 suae
1586 2832 2034 2929 obsequium.

925 2948 1014 3021 At
1049 2945 1193 3034 ille,
1234 2956 1313 3021 ut
1350 2946 1523 3036 dixi,
1567 2955 1866 3046 propter
1902 2947 2332 3023 discordiam

823 3086 963 3160 que
998 3061 1185 3136 inter
1219 3087 1521 3161 regnum
1557 3073 1665 3137 est
1701 3073 1916 3162 atque
1953 3064 2344 3155 ecclesiam,

824 3176 1050 3251 electo
1088 3175 1391 3277 denegat
1426 3179 2029 3254 consecrationem

827 3317 1170 3392 suamque
1209 3294 1420 3369 deicit
1455 3295 1890 3371 filiationem.

921 3412 1022 3483 De
1060 3408 1206 3484 suis
1241 3408 1457 3509 igitur
1492 3412 1771 3512 magnis
1809 3414 2181 3489 contrariis

823 3531 896 3598 et
930 3523 1020 3599 de
1058 3523 1420 3600 laboribus
1458 3536 1529 3602 et
1567 3527 1657 3601 de
1694 3530 2028 3626 periculis

823 3665 963 3737 que
1001 3664 1239 3715 sermo
1275 3643 1538 3717 referet
1573 3643 1782 3744 hujus
1822 3644 2247 3732 dictaminiS,

825 3754 959 3828 hoc
990 3755 1304 3853 primum
1339 3757 1567 3857 majus
1604 3767 1715 3833 est
1748 3760 2077 3835 omnibus
2113 3760 2293 3835 aliis.

920 3870 1273 3948 Maluisset
1308 3899 1613 3972 namque
1648 3876 1820 3974 poni
1855 3877 1927 3950 in
1966 3902 2251 3951 carcere

824 3983 1305 4086 damnumque
1340 3992 1732 4066 maximum
1769 3992 1913 4090 pati
1954 3991 2296 4091 pecuniae

825 4124 1039 4196 quam
1072 4102 1205 4177 sibi
1242 4105 1332 4178 ab
1369 4106 1525 4204 ipso
1564 4105 2092 4204 archipontifice
2164 4157 2167 4164 -

824 4213 913 4289 de
955 4240 1082 4290 sua
1117 4222 1433 4295 contrahi
1470 4221 1984 4298 benedictione.

926 4332 1172 4410 Oleum
1207 4336 1470 4411 etenim
1505 4338 1728 4414 electo
1761 4338 2067 4439 denegat

2572 621 2659 674 ¹47
