<?xml version="1.0" encoding="UTF-8"?>
<!DOCTYPE html PUBLIC "-//W3C//DTD XHTML 1.0 Transitional//EN"
    "http://www.w3.org/TR/xhtml1/DTD/xhtml1-transitional.dtd">
<html xmlns="http://www.w3.org/1999/xhtml" xml:lang="en" lang="en">
 <head>
  <title>
</title>
<meta http-equiv="Content-Type" content="text/html;charset=utf-8" />
  <meta name='ocr-system' content='tesseract 3.04.00' />
  <meta name='ocr-capabilities' content='ocr_page ocr_carea ocr_par ocr_line ocrx_word'/>
</head>
<body>
  <div class='ocr_page' id='page_1' title='image "./gestesdesvquesd00unkngoog_0191.png"; bbox 0 0 3558 5493; ppageno 0'>
   <div class='ocr_carea' id='block_1_1' title="bbox 578 966 672 1035">
    <p class='ocr_par' dir='ltr' id='par_1_1' title="bbox 578 966 672 1035">
     <span class='ocr_line' id='line_1_1' title="bbox 578 966 672 1035; baseline 0 0"><span class='ocrx_word' id='word_1_1' title='bbox 578 966 672 1035; x_wconf 90' lang='grc'><strong>90</strong></span> 
     </span>
    </p>
   </div>
   <div class='ocr_carea' id='block_1_2' title="bbox 579 1425 658 1495">
    <p class='ocr_par' dir='ltr' id='par_1_2' title="bbox 579 1425 658 1495">
     <span class='ocr_line' id='line_1_2' title="bbox 579 1425 658 1495; baseline 0.013 -1"><span class='ocrx_word' id='word_1_2' title='bbox 579 1425 658 1495; x_wconf 73' lang='grc'><strong>94</strong></span> 
     </span>
    </p>
   </div>
   <div class='ocr_carea' id='block_1_3' title="bbox 584 1889 677 1962">
    <p class='ocr_par' dir='ltr' id='par_1_3' title="bbox 584 1889 677 1962">
     <span class='ocr_line' id='line_1_3' title="bbox 584 1889 677 1962; baseline 0.054 -5"><span class='ocrx_word' id='word_1_3' title='bbox 584 1889 677 1962; x_wconf 74' lang='lat'><strong>92</strong></span> 
     </span>
    </p>
   </div>
   <div class='ocr_carea' id='block_1_4' title="bbox 585 2353 677 2423">
    <p class='ocr_par' dir='ltr' id='par_1_4' title="bbox 585 2353 677 2423">
     <span class='ocr_line' id='line_1_4' title="bbox 585 2353 677 2423; baseline 0.033 -3"><span class='ocrx_word' id='word_1_4' title='bbox 585 2353 677 2423; x_wconf 85' lang='lat'><strong>93</strong></span> 
     </span>
    </p>
   </div>
   <div class='ocr_carea' id='block_1_5' title="bbox 591 2813 684 2887">
    <p class='ocr_par' dir='ltr' id='par_1_5' title="bbox 591 2813 684 2887">
     <span class='ocr_line' id='line_1_5' title="bbox 591 2813 684 2887; baseline -0.011 0"><span class='ocrx_word' id='word_1_5' title='bbox 591 2813 684 2887; x_wconf 64' lang='lat' dir='ltr'><strong>9AE</strong></span> 
     </span>
    </p>
   </div>
   <div class='ocr_carea' id='block_1_6' title="bbox 590 3281 683 3350">
    <p class='ocr_par' dir='ltr' id='par_1_6' title="bbox 590 3281 683 3350">
     <span class='ocr_line' id='line_1_6' title="bbox 590 3281 683 3350; baseline 0.022 -2"><span class='ocrx_word' id='word_1_6' title='bbox 590 3281 683 3350; x_wconf 81' lang='lat'><strong>95</strong></span> 
     </span>
    </p>
   </div>
   <div class='ocr_carea' id='block_1_7' title="bbox 595 3748 688 3817">
    <p class='ocr_par' dir='ltr' id='par_1_7' title="bbox 595 3748 688 3817">
     <span class='ocr_line' id='line_1_7' title="bbox 595 3748 688 3817; baseline -0.011 0"><span class='ocrx_word' id='word_1_7' title='bbox 595 3748 688 3817; x_wconf 88' lang='grc'><strong>96</strong></span> 
     </span>
    </p>
   </div>
   <div class='ocr_carea' id='block_1_8' title="bbox 598 4210 689 4278">
    <p class='ocr_par' dir='ltr' id='par_1_8' title="bbox 598 4210 689 4278">
     <span class='ocr_line' id='line_1_8' title="bbox 598 4210 689 4278; baseline 0 0"><span class='ocrx_word' id='word_1_8' title='bbox 598 4210 689 4278; x_wconf 90' lang='grc'><strong>97</strong></span> 
     </span>
    </p>
   </div>
   <div class='ocr_carea' id='block_1_9' title="bbox 1356 590 1819 642">
    <p class='ocr_par' dir='ltr' id='par_1_9' title="bbox 1356 590 1819 642">
     <span class='ocr_line' id='line_1_9' title="bbox 1356 590 1819 642; baseline -0.002 0"><span class='ocrx_word' id='word_1_9' title='bbox 1356 590 1747 642; x_wconf 62' lang='lat' dir='ltr'><strong>nunculium.</strong></span> <span class='ocrx_word' id='word_1_10' title='bbox 1777 593 1819 641; x_wconf 88' lang='lat'><strong>1.</strong></span> 
     </span>
    </p>
   </div>
   <div class='ocr_carea' id='block_1_10' title="bbox 964 726 2148 4417">
    <p class='ocr_par' dir='ltr' id='par_1_10' title="bbox 964 726 1846 944">
     <span class='ocr_line' id='line_1_10' title="bbox 964 726 1846 828; baseline 0.001 -28"><span class='ocrx_word' id='word_1_11' title='bbox 964 726 1336 828; x_wconf 84' lang='lat' dir='ltr'><strong>magnifice</strong></span> <span class='ocrx_word' id='word_1_12' title='bbox 1369 726 1846 826; x_wconf 88' lang='lat' dir='ltr'><strong>compositum</strong></span> 
     </span>
     <span class='ocr_line' id='line_1_11' title="bbox 964 844 1823 944; baseline -0.001 -24"><span class='ocrx_word' id='word_1_13' title='bbox 964 844 1353 943; x_wconf 80' lang='lat' dir='ltr'>receptioni</span> <span class='ocrx_word' id='word_1_14' title='bbox 1391 869 1823 944; x_wconf 85' lang='lat' dir='ltr'><strong>pauperum,</strong></span> 
     </span>
    </p>

    <p class='ocr_par' dir='ltr' id='par_1_11' title="bbox 965 959 2098 1403">
     <span class='ocr_line' id='line_1_12' title="bbox 1066 959 2098 1061; baseline 0.001 -26"><span class='ocrx_word' id='word_1_15' title='bbox 1066 960 1261 1059; x_wconf 90' lang='lat' dir='ltr'><strong>quod</strong></span> <span class='ocrx_word' id='word_1_16' title='bbox 1296 959 1497 1036; x_wconf 86' lang='lat' dir='ltr'><strong>urbis</strong></span> <span class='ocrx_word' id='word_1_17' title='bbox 1533 960 1742 1061; x_wconf 88' lang='lat' dir='ltr'><strong>hujus</strong></span> <span class='ocrx_word' id='word_1_18' title='bbox 1779 961 2098 1059; x_wconf 78' lang='lat' dir='ltr'><strong>presules</strong></span> 
     </span>
     <span class='ocr_line' id='line_1_13' title="bbox 965 1074 1815 1164; baseline 0 -13"><span class='ocrx_word' id='word_1_19' title='bbox 965 1084 1039 1151; x_wconf 86' lang='lat' dir='ltr'><strong>et</strong></span> <span class='ocrx_word' id='word_1_20' title='bbox 1075 1074 1497 1150; x_wconf 88' lang='lat' dir='ltr'><strong>clericorum</strong></span> <span class='ocrx_word' id='word_1_21' title='bbox 1532 1074 1815 1164; x_wconf 80' lang='lat' dir='ltr'><strong>divites,</strong></span> 
     </span>
     <span class='ocr_line' id='line_1_14' title="bbox 966 1189 1770 1279; baseline 0 -15"><span class='ocrx_word' id='word_1_22' title='bbox 966 1189 1211 1278; x_wconf 91' lang='lat' dir='ltr'><strong>casati,</strong></span> <span class='ocrx_word' id='word_1_23' title='bbox 1253 1189 1470 1279; x_wconf 82' lang='lat' dir='ltr'><strong>cives,</strong></span> <span class='ocrx_word' id='word_1_24' title='bbox 1513 1189 1770 1264; x_wconf 80' lang='lat' dir='ltr'><strong>milites</strong></span> 
     </span>
     <span class='ocr_line' id='line_1_15' title="bbox 969 1302 1785 1403; baseline -0.001 -23"><span class='ocrx_word' id='word_1_25' title='bbox 969 1304 1444 1380; x_wconf 84' lang='lat' dir='ltr'><strong>bereditarant</strong></span> <span class='ocrx_word' id='word_1_26' title='bbox 1482 1302 1785 1403; x_wconf 84' lang='lat' dir='ltr'><strong>pleniter</strong></span> 
     </span>
    </p>

    <p class='ocr_par' dir='ltr' id='par_1_12' title="bbox 968 1406 1854 1842">
     <span class='ocr_line' id='line_1_16' title="bbox 1066 1406 1764 1509; baseline 0 -14"><span class='ocrx_word' id='word_1_27' title='bbox 1066 1420 1158 1495; x_wconf 93' lang='lat' dir='ltr'><strong>de</strong></span> <span class='ocrx_word' id='word_1_28' title='bbox 1196 1420 1344 1495; x_wconf 89' lang='lat' dir='ltr'><strong>suis</strong></span> <span class='ocrx_word' id='word_1_29' title='bbox 1379 1406 1764 1509; x_wconf 83' lang='lat' dir='ltr'><strong>beneficiis,</strong></span> 
     </span>
     <span class='ocr_line' id='line_1_17' title="bbox 968 1536 1854 1625; baseline -0.001 -13"><span class='ocrx_word' id='word_1_30' title='bbox 968 1536 1059 1612; x_wconf 91' lang='lat' dir='ltr'><strong>de</strong></span> <span class='ocrx_word' id='word_1_31' title='bbox 1096 1536 1430 1624; x_wconf 87' lang='lat' dir='ltr'><strong>culcitris,</strong></span> <span class='ocrx_word' id='word_1_32' title='bbox 1475 1536 1566 1609; x_wconf 92' lang='lat' dir='ltr'><strong>de</strong></span> <span class='ocrx_word' id='word_1_33' title='bbox 1602 1536 1854 1625; x_wconf 83' lang='lat' dir='ltr'><strong>feodis,</strong></span> 
     </span>
     <span class='ocr_line' id='line_1_18' title="bbox 969 1649 1760 1740; baseline -0.003 -13"><span class='ocrx_word' id='word_1_34' title='bbox 969 1653 1060 1727; x_wconf 91' lang='lat' dir='ltr'><strong>de</strong></span> <span class='ocrx_word' id='word_1_35' title='bbox 1095 1652 1336 1740; x_wconf 88' lang='lat' dir='ltr'><strong>terris,</strong></span> <span class='ocrx_word' id='word_1_36' title='bbox 1382 1649 1473 1725; x_wconf 91' lang='lat' dir='ltr'><strong>de</strong></span> <span class='ocrx_word' id='word_1_37' title='bbox 1510 1651 1760 1726; x_wconf 84' lang='lat' dir='ltr'><strong>alodiis</strong></span> 
     </span>
     <span class='ocr_line' id='line_1_19' title="bbox 969 1766 1787 1842; baseline 0 -1"><span class='ocrx_word' id='word_1_38' title='bbox 969 1776 1042 1841; x_wconf 92' lang='lat' dir='ltr'><strong>et</strong></span> <span class='ocrx_word' id='word_1_39' title='bbox 1077 1766 1320 1842; x_wconf 88' lang='lat' dir='ltr'><strong>multis</strong></span> <span class='ocrx_word' id='word_1_40' title='bbox 1353 1766 1570 1841; x_wconf 88' lang='lat' dir='ltr'><strong>rebus</strong></span> <span class='ocrx_word' id='word_1_41' title='bbox 1607 1766 1787 1842; x_wconf 87' lang='lat' dir='ltr'><strong>aliis.</strong></span> 
     </span>
    </p>

    <p class='ocr_par' dir='ltr' id='par_1_13' title="bbox 972 1882 1919 2333">
     <span class='ocr_line' id='line_1_20' title="bbox 1071 1882 1919 1981; baseline 0 -23"><span class='ocrx_word' id='word_1_42' title='bbox 1071 1888 1220 1958; x_wconf 90' lang='lat' dir='ltr'><strong>Hoc</strong></span> <span class='ocrx_word' id='word_1_43' title='bbox 1255 1882 1603 1981; x_wconf 87' lang='lat' dir='ltr'><strong>hospitale</strong></span> <span class='ocrx_word' id='word_1_44' title='bbox 1640 1883 1919 1958; x_wconf 87' lang='lat' dir='ltr'><strong>Domini</strong></span> 
     </span>
     <span class='ocr_line' id='line_1_21' title="bbox 972 1998 1756 2074; baseline -0.001 0"><span class='ocrx_word' id='word_1_45' title='bbox 972 2000 1083 2074; x_wconf 91' lang='lat' dir='ltr'><strong>cui</strong></span> <span class='ocrx_word' id='word_1_46' title='bbox 1120 1999 1456 2074; x_wconf 82' lang='lat' dir='ltr'><strong>volebant-</strong></span> <span class='ocrx_word' id='word_1_47' title='bbox 1489 1998 1756 2073; x_wconf 89' lang='lat' dir='ltr'><strong>homini</strong></span> 
     </span>
     <span class='ocr_line' id='line_1_22' title="bbox 972 2114 1797 2215; baseline -0.002 -24"><span class='ocrx_word' id='word_1_48' title='bbox 972 2114 1445 2215; x_wconf 81' lang='lat' dir='ltr'><strong>disponebant</strong></span> <span class='ocrx_word' id='word_1_49' title='bbox 1481 2116 1797 2214; x_wconf 81' lang='lat' dir='ltr'><strong>episcopi</strong></span> 
     </span>
     <span class='ocr_line' id='line_1_23' title="bbox 974 2232 1717 2333; baseline 0 -27"><span class='ocrx_word' id='word_1_50' title='bbox 974 2232 1331 2333; x_wconf 83' lang='lat' dir='ltr'><strong>egentium</strong></span> <span class='ocrx_word' id='word_1_51' title='bbox 1367 2232 1717 2332; x_wconf 83' lang='lat' dir='ltr'><strong>regimini.</strong></span> 
     </span>
    </p>

    <p class='ocr_par' dir='ltr' id='par_1_14' title="bbox 978 2347 2073 2771">
     <span class='ocr_line' id='line_1_24' title="bbox 1071 2347 2073 2445; baseline -0.001 -23"><span class='ocrx_word' id='word_1_52' title='bbox 1071 2347 1218 2423; x_wconf 89' lang='lat' dir='ltr'><strong>Sub</strong></span> <span class='ocrx_word' id='word_1_53' title='bbox 1255 2347 1710 2444; x_wconf 88' lang='lat' dir='ltr'><strong>antiquorum</strong></span> <span class='ocrx_word' id='word_1_54' title='bbox 1746 2354 2073 2445; x_wconf 88' lang='lat' dir='ltr'><strong>tempore</strong></span> 
     </span>
     <span class='ocr_line' id='line_1_25' title="bbox 978 2463 1858 2563; baseline 0.001 -26"><span class='ocrx_word' id='word_1_55' title='bbox 978 2471 1214 2539; x_wconf 88' lang='lat' dir='ltr'><strong>rector</strong></span> <span class='ocrx_word' id='word_1_56' title='bbox 1247 2463 1459 2563; x_wconf 87' lang='lat' dir='ltr'><strong>hujus</strong></span> <span class='ocrx_word' id='word_1_57' title='bbox 1495 2463 1858 2538; x_wconf 83' lang='lat' dir='ltr'><strong>custodiae</strong></span> 
     </span>
     <span class='ocr_line' id='line_1_26' title="bbox 979 2580 1927 2680; baseline 0 -25"><span class='ocrx_word' id='word_1_58' title='bbox 979 2589 1278 2680; x_wconf 87' lang='lat' dir='ltr'><strong>propter</strong></span> <span class='ocrx_word' id='word_1_59' title='bbox 1315 2581 1613 2655; x_wconf 86' lang='lat' dir='ltr'><strong>salutem</strong></span> <span class='ocrx_word' id='word_1_60' title='bbox 1651 2580 1927 2655; x_wconf 86' lang='lat' dir='ltr'><strong>animae</strong></span> 
     </span>
     <span class='ocr_line' id='line_1_27' title="bbox 978 2695 1820 2771; baseline -0.001 0"><span class='ocrx_word' id='word_1_61' title='bbox 978 2695 1308 2771; x_wconf 74' lang='lat' dir='ltr'><strong>studebat</strong></span> <span class='ocrx_word' id='word_1_62' title='bbox 1344 2696 1528 2771; x_wconf 90' lang='lat' dir='ltr'><strong>bene</strong></span> <span class='ocrx_word' id='word_1_63' title='bbox 1564 2696 1820 2771; x_wconf 82' lang='lat' dir='ltr'><strong>facere.</strong></span> 
     </span>
    </p>

    <p class='ocr_par' dir='ltr' id='par_1_15' title="bbox 976 2810 2148 3260">
     <span class='ocr_line' id='line_1_28' title="bbox 1075 2810 2148 2909; baseline -0.002 -22"><span class='ocrx_word' id='word_1_64' title='bbox 1075 2817 1269 2887; x_wconf 88' lang='lat' dir='ltr'><strong>Tunc</strong></span> <span class='ocrx_word' id='word_1_65' title='bbox 1303 2812 1650 2909; x_wconf 87' lang='lat' dir='ltr'><strong>temporis</strong></span> <span class='ocrx_word' id='word_1_66' title='bbox 1687 2810 1781 2886; x_wconf 88' lang='lat' dir='ltr'><strong>de</strong></span> <span class='ocrx_word' id='word_1_67' title='bbox 1814 2811 2148 2887; x_wconf 89' lang='lat' dir='ltr'><strong>omnibus</strong></span> 
     </span>
     <span class='ocr_line' id='line_1_29' title="bbox 977 2925 1862 3018; baseline 0 -16"><span class='ocrx_word' id='word_1_68' title='bbox 977 2925 1384 3003; x_wconf 80' lang='lat' dir='ltr'><strong>abundabat</strong></span> <span class='ocrx_word' id='word_1_69' title='bbox 1417 2927 1540 3001; x_wconf 88' lang='lat' dir='ltr'><strong>Dei</strong></span> <span class='ocrx_word' id='word_1_70' title='bbox 1578 2926 1862 3018; x_wconf 88' lang='lat' dir='ltr'><strong>domus,</strong></span> 
     </span>
     <span class='ocr_line' id='line_1_30' title="bbox 982 3041 1852 3142; baseline -0.001 -25"><span class='ocrx_word' id='word_1_71' title='bbox 982 3044 1074 3117; x_wconf 89' lang='lat' dir='ltr'><strong>de</strong></span> <span class='ocrx_word' id='word_1_72' title='bbox 1105 3041 1409 3117; x_wconf 87' lang='lat' dir='ltr'><strong>diversis</strong></span> <span class='ocrx_word' id='word_1_73' title='bbox 1443 3042 1852 3142; x_wconf 87' lang='lat' dir='ltr'><strong>pecoribus,</strong></span> 
     </span>
     <span class='ocr_line' id='line_1_31' title="bbox 976 3158 1945 3260; baseline 0.001 -27"><span class='ocrx_word' id='word_1_74' title='bbox 976 3158 1241 3260; x_wconf 85' lang='lat' dir='ltr'><strong>porcis,</strong></span> <span class='ocrx_word' id='word_1_75' title='bbox 1286 3159 1517 3234; x_wconf 85' lang='lat' dir='ltr'><strong>vaccis</strong></span> <span class='ocrx_word' id='word_1_76' title='bbox 1554 3167 1627 3232; x_wconf 88' lang='lat' dir='ltr'><strong>et</strong></span> <span class='ocrx_word' id='word_1_77' title='bbox 1662 3159 1945 3234; x_wconf 85' lang='lat' dir='ltr'><strong>ovibus.</strong></span> 
     </span>
    </p>

    <p class='ocr_par' dir='ltr' id='par_1_16' title="bbox 979 3274 1933 3722">
     <span class='ocr_line' id='line_1_32' title="bbox 1077 3274 1933 3350; baseline 0 -1"><span class='ocrx_word' id='word_1_78' title='bbox 1077 3274 1216 3350; x_wconf 85' lang='lat' dir='ltr'><strong>Sed</strong></span> <span class='ocrx_word' id='word_1_79' title='bbox 1253 3275 1674 3350; x_wconf 85' lang='lat' dir='ltr'><strong>succedente</strong></span> <span class='ocrx_word' id='word_1_80' title='bbox 1710 3274 1933 3349; x_wconf 89' lang='lat' dir='ltr'><strong>altero</strong></span> 
     </span>
     <span class='ocr_line' id='line_1_33' title="bbox 979 3392 1861 3492; baseline -0.001 -24"><span class='ocrx_word' id='word_1_81' title='bbox 979 3401 1147 3492; x_wconf 90' lang='lat' dir='ltr'><strong>post</strong></span> <span class='ocrx_word' id='word_1_82' title='bbox 1181 3393 1482 3467; x_wconf 76' lang='lat' dir='ltr'><strong>alterum</strong></span> <span class='ocrx_word' id='word_1_83' title='bbox 1519 3392 1861 3491; x_wconf 87' lang='lat' dir='ltr'><strong>episcopo</strong></span> 
     </span>
     <span class='ocr_line' id='line_1_34' title="bbox 981 3505 1885 3607; baseline 0.002 -27"><span class='ocrx_word' id='word_1_84' title='bbox 981 3508 1054 3581; x_wconf 91' lang='lat' dir='ltr'><strong>in</strong></span> <span class='ocrx_word' id='word_1_85' title='bbox 1089 3507 1409 3607; x_wconf 87' lang='lat' dir='ltr'><strong>pejorem</strong></span> <span class='ocrx_word' id='word_1_86' title='bbox 1445 3505 1537 3581; x_wconf 92' lang='lat' dir='ltr'><strong>de</strong></span> <span class='ocrx_word' id='word_1_87' title='bbox 1573 3507 1885 3607; x_wconf 84' lang='lat' dir='ltr'><strong>maligno</strong></span> 
     </span>
     <span class='ocr_line' id='line_1_35' title="bbox 984 3623 1906 3722; baseline -0.004 -23"><span class='ocrx_word' id='word_1_88' title='bbox 984 3623 1322 3699; x_wconf 89' lang='lat' dir='ltr'><strong>successit</strong></span> <span class='ocrx_word' id='word_1_89' title='bbox 1357 3623 1531 3699; x_wconf 83' lang='lat' dir='ltr'><strong>baec</strong></span> <span class='ocrx_word' id='word_1_90' title='bbox 1564 3623 1906 3722; x_wconf 80' lang='lat' dir='ltr'><strong>provisio.</strong></span> 
     </span>
    </p>

    <p class='ocr_par' dir='ltr' id='par_1_17' title="bbox 985 3739 1992 3954">
     <span class='ocr_line' id='line_1_36' title="bbox 1082 3739 1992 3815; baseline -0.002 0"><span class='ocrx_word' id='word_1_91' title='bbox 1082 3739 1471 3815; x_wconf 83' lang='lat' dir='ltr'><strong>Minoratur</strong></span> <span class='ocrx_word' id='word_1_92' title='bbox 1507 3739 1697 3812; x_wconf 89' lang='lat' dir='ltr'><strong>enim</strong></span> <span class='ocrx_word' id='word_1_93' title='bbox 1734 3740 1992 3813; x_wconf 89' lang='lat' dir='ltr'><strong>domus</strong></span> 
     </span>
     <span class='ocr_line' id='line_1_37' title="bbox 985 3852 1850 3954; baseline -0.001 -25"><span class='ocrx_word' id='word_1_94' title='bbox 985 3854 1226 3954; x_wconf 88' lang='lat' dir='ltr'><strong>pravis</strong></span> <span class='ocrx_word' id='word_1_95' title='bbox 1261 3852 1850 3942; x_wconf 82' lang='lat' dir='ltr'><strong>successionibus,</strong></span> 
     </span>
    </p>

    <p class='ocr_par' dir='ltr' id='par_1_18' title="bbox 985 3968 1779 4183">
     <span class='ocr_line' id='line_1_38' title="bbox 985 3968 1779 4071; baseline -0.003 -26"><span class='ocrx_word' id='word_1_96' title='bbox 985 3998 1026 4046; x_wconf 89' lang='lat' dir='ltr'><strong>a</strong></span> <span class='ocrx_word' id='word_1_97' title='bbox 1062 3979 1340 4045; x_wconf 88' lang='lat' dir='ltr'><strong>rectore</strong></span> <span class='ocrx_word' id='word_1_98' title='bbox 1374 3968 1779 4071; x_wconf 82' lang='lat' dir='ltr'><strong>negligitur,</strong></span> 
     </span>
     <span class='ocr_line' id='line_1_39' title="bbox 986 4085 1751 4183; baseline -0.003 -23"><span class='ocrx_word' id='word_1_99' title='bbox 986 4114 1026 4161; x_wconf 88' lang='lat' dir='ltr'><strong>a</strong></span> <span class='ocrx_word' id='word_1_100' title='bbox 1064 4086 1359 4161; x_wconf 89' lang='lat' dir='ltr'><strong>custode</strong></span> <span class='ocrx_word' id='word_1_101' title='bbox 1395 4085 1751 4183; x_wconf 80' lang='lat' dir='ltr'><strong>diripitur.</strong></span> 
     </span>
    </p>

    <p class='ocr_par' dir='ltr' id='par_1_19' title="bbox 1086 4202 2026 4302">
     <span class='ocr_line' id='line_1_40' title="bbox 1086 4202 2026 4302; baseline -0.001 -25"><span class='ocrx_word' id='word_1_102' title='bbox 1086 4203 1214 4294; x_wconf 87' lang='lat' dir='ltr'><strong>Qui</strong></span> <span class='ocrx_word' id='word_1_103' title='bbox 1251 4226 1370 4277; x_wconf 89' lang='lat' dir='ltr'><strong>res</strong></span> <span class='ocrx_word' id='word_1_104' title='bbox 1406 4203 1558 4302; x_wconf 88' lang='lat' dir='ltr'><strong>ejus</strong></span> <span class='ocrx_word' id='word_1_105' title='bbox 1594 4202 2026 4290; x_wconf 81' lang='lat' dir='ltr'><strong>custodiunt,</strong></span> 
     </span>
    </p>

    <p class='ocr_par' dir='ltr' id='par_1_20' title="bbox 989 4317 1957 4417">
     <span class='ocr_line' id='line_1_41' title="bbox 989 4317 1957 4417; baseline -0.004 -23"><span class='ocrx_word' id='word_1_106' title='bbox 989 4320 1109 4417; x_wconf 90' lang='lat' dir='ltr'><strong>qui</strong></span> <span class='ocrx_word' id='word_1_107' title='bbox 1141 4327 1406 4407; x_wconf 86' lang='lat' dir='ltr'><strong>tenent,</strong></span> <span class='ocrx_word' id='word_1_108' title='bbox 1450 4319 1572 4416; x_wconf 91' lang='lat' dir='ltr'><strong>qui</strong></span> <span class='ocrx_word' id='word_1_109' title='bbox 1607 4317 1957 4417; x_wconf 90' lang='lat' dir='ltr'><strong>recipiunt</strong></span> 
     </span>
    </p>
   </div>
   <div class='ocr_carea' id='block_1_11' title="bbox 2556 594 2643 646">
    <p class='ocr_par' dir='ltr' id='par_1_21' title="bbox 2556 594 2643 646">
     <span class='ocr_line' id='line_1_42' title="bbox 2556 594 2643 646; baseline 0 0"><span class='ocrx_word' id='word_1_110' title='bbox 2556 594 2643 646; x_wconf 80' lang='lat'><strong>135</strong></span> 
     </span>
    </p>
   </div>
  </div>
 </body>
</html>
