3558 5493
1276 598 1481 650 GESTA
1507 597 1872 649 ufflml.
2306 552 2325 573 x
2544 598 2630 650 ¹59

809 731 1301 808 innumerabili
1337 740 1735 807 assentante
1772 732 1990 820 ouria,

905 849 1296 947 presulum,
1335 848 1737 946 principum
1770 848 1950 922 fiunt
1984 845 2276 921 oonsilio

568 969 659 1039 45
806 964 898 1040 de
917 979 1156 1066 'regno
1190 964 1582 1039 concordes
1617 973 1692 1039 et
1724 963 2146 1038 sacerdotio.

906 1080 1009 1155 Ibi
1044 1080 1134 1154 de
1169 1080 1452 1179 presule
1487 1080 2096 1155 Cameracensium

808 1197 1045 1270 statim
1079 1196 1460 1294 alloquitur
1496 1221 1627 1270 rex
1658 1196 2125 1294 apostolicum
2165 1223 2180 1269 ι

833 1396 838 1411 .
903 1312 1022 1410 qui
1060 1311 1418 1410 quendam
1454 1311 1788 1385 clericum
1826 1336 2032 1387 suum
2068 1311 2326 1412 eligere

802 1435 1009 1526 rogat
1043 1435 1115 1500 et
1147 1425 1484 1524 postulat,
1526 1425 1934 1501 Lietardum
1969 1425 2288 1500 nomine¹
2304 1482 2321 1499 .

562 1542 657 1618 20
904 1542 1106 1632 Quod
1143 1567 1329 1640 papa
1366 1540 1658 1615 audiens
1689 1540 1817 1615 fuit
1851 1541 1924 1614 in
1958 1540 2255 1616 dubium

805 1666 1045 1732 utrum
1080 1666 1230 1732 tam
1264 1655 1499 1732 subito
1536 1656 1857 1757 ignotum
1892 1656 2227 1731 clericum

903 1772 1521 1849 Cameracensibus
1557 1781 1920 1870 pastorem
1955 1772 2248 1859 tribuat,

804 1913 971 1963 cum
1006 1889 1224 1964 vitam
1259 1897 1331 1964 et
1366 1913 1603 1962 mores
1637 1888 1821 1963 illius
1856 1887 2145 1962 neseiat.

899 2002 1186 2079 Dubitat
1220 2003 1476 2079 'merito
1512 2029 1697 2103 papa
1734 2003 2190 2102 propheticus

449 2126 458 2135 '
559 2121 656 2197 25
804 2120 1138 2217 quoniam
1173 2119 1284 2193 ille
1320 2119 1433 2192 vir
1470 2127 1622 2193 erat
1655 2118 2049 2192 hereticus²
2090 2144 2106 2191 :

901 2234 1026 2308 sed
1061 2235 1226 2333 quia
1262 2239 1447 2310 Deus
1483 2260 1634 2323 eor,
1677 2234 1790 2307 vir
1822 2233 2019 2308 videt
2053 2234 2327 2323 faciem,

806 2353 1025 2426 nescit
1058 2376 1245 2450 papa
1282 2352 1540 2425 malam
1573 2351 1801 2425 vitare
1838 2350 2178 2449 speciem.

899 2472 1076 2541 Nam
1109 2467 1250 2541 cito
1285 2466 1859 2543 condescendens
1895 2465 2230 2564 precibus
2267 2466 2527 2542 cesaris

803 2581 1253 2657 Liethardum
1289 2583 1527 2681 posuit
1562 2583 1631 2657 in
1672 2582 1842 2656 sede
1880 2582 2261 2680 pontificis.

614 2843 739 2910 De
793 2844 1413 2911 consecratione
1468 2843 1651 2925 ejus
1706 2843 1809 2910 et-
1845 2845 1946 2910 de
1996 2843 2276 2911 infami
2332 2845 2518 2927 ejus

1235 2950 1890 3018 conversatione.
2026 2947 2031 2952 ’

558 3196 652 3267 30
895 3192 1345 3270 consecravit
1380 3217 1546 3267 eum
1578 3192 1820 3290 presul
1853 3191 2372 3268 Remensium⁸.

798 3308 927 3397 Qui
963 3332 1182 3408 agens
1218 3315 1524 3406 quatuor
1559 3308 1760 3384 annis
1797 3308 2177 3396 officium4,

898 3431 1181 3498 eentum
1214 3424 1598 3522 putabatur
1631 3449 1968 3525 regnasse
2003 3423 2318 3523 pontifex

798 3538 917 3636 qui
956 3563 1241 3639 semper
1271 3540 1525 3639 agebat
1559 3565 1676 3615 res
1711 3540 2168 3614 execrabiles.

896 3657 1085 3743 Quos
1120 3654 1311 3728 enim
1347 3654 1656 3730 debebat
1690 3671 1928 3729 am'are
1965 3655 2238 3743 oderat,

579 3902 628 3957 ¹.
670 3900 900 3960 Lietard
928 3902 1068 3960 etait
1096 3906 1294 3976 prevot
1321 3906 1398 3961 du
1428 3902 1681 3976 chapitre
1714 3902 2014 3962 d'Utrecht
2051 3902 2274 3975 (ouran.
2316 3902 2373 3960 S.
2404 3904 2606 3969 Andr„

502 3987 617 4061 111,
649 3988 738 4062 37,
768 4005 823 4062 p.
859 3989 1001 4062 5⁴9).

574 4078 629 4135 2.
669 4077 867 4151 Gomp.
900 4076 1032 4150 plus
1055 4078 1162 4138 has
1189 4077 1246 4136 la
1273 4086 1407 4137 note
1434 4096 1509 4137 au
1541 4096 1667 4137 vers
1693 4078 1784 4137 67.

577 4166 627 4223 3.
669 4167 726 4223 A
755 4166 989 4240 Reims,
1029 4166 1084 4225 le
1117 4167 1186 4226 26
1215 4168 1359 4226 avril
1392 4170 1522 4226 1131
1565 4170 1789 4241 (miron.
1821 4170 1881 4227 S.
1910 4170 2111 4235 Andr„
2147 4170 2282 4223 ibid.
2315 4197 2387 4210 —
2412 4166 2613 4224 Lamb.

505 4254 821 4328 With-eloe,
852 4273 908 4329 p.
942 4257 1089 4330 514).

576 4344 630 4401 4.
669 4343 870 4416 Gomp.
901 4341 1157 4417 plus-bas
1186 4342 1242 4401 la
1268 4350 1404 4403 note
1431 4359 1505 4401 au
1537 4361 1588 4401 v.
1620 4344 1745 4402 335.
