3558 5493
932 571 990 624 10
1881 572 2087 623 GESTA

1365 713 1628 806 sugunt
1662 713 1888 779 totam
1923 713 1997 778 et
2033 704 2415 779 comedunt

1365 829 1441 898 et
1475 820 1538 894 ei
1578 847 1722 896 non
1754 819 2210 896 subveniunt.

979 941 1070 1012 58
1466 937 1605 1011 Sed
1640 936 1853 1012 Fulco
1888 935 2410 1014 vicedominus¹

1368 1053 1657 1127 intravit
1691 1077 1858 1127 cum
1893 1052 2234 1128 militibus

1363 1168 1680 1267 episcopi
1714 1168 1789 1241 in
1825 1167 2159 1243 domibus

1366 1291 1578 1382 atque
1610 1283 2132 1381 episcopalibus

1365 1398 1652 1473 vivebat
1686 1397 1779 1471 de
1815 1397 2243 1473 redditibus.

978 1520 1072 1591 59
1462 1514 1725 1592 Vivens
1759 1512 1852 1588 de
1886 1513 2251 1611 episcopio

1366 1656 1510 1705 non
1545 1636 1747 1704 curat
1782 1629 1874 1704 de
1913 1629 2278 1727 episcopo,

1368 1745 1495 1821 sed
1533 1745 1799 1846 gaudet
1833 1769 1925 1819 ex
1956 1743 2257 1818 discidio

1366 1861 1742 1936 aecclesiae
1778 1869 1852 1934 et
1878 1858 2146 1959 jurgio.

977 1980 1070 2051 60
1464 1976 1738 2051 Gaudet
1774 1973 1971 2074 quod
2008 1981 2247 2073 potest
2276 1974 2486 2051 altius

1363 2101 1436 2166 et
1469 2091 1741 2166 clericis
1777 2095 1852 2165 et
1886 2089 1993 2163 civ
2001 2089 2162 2165 ibus

1366 2214 1440 2280 et
1474 2205 1642 2303 quia
1677 2204 1827 2280 suis
1861 2204 2109 2279 usibus

1371 2320 1571 2396 urbis
1604 2319 1996 2395 succedunt
2027 2317 2378 2394 redditus.

981 2441 1059 2511 61
1468 2439 1697 2533 Super
1729 2436 1867 2508 hoc
1903 2433 2249 2509 maleficio

1369 2551 1631 2651 gaudet
1662 2550 1851 2625 malo
1885 2549 2181 2624 consilio

1368 2667 1688 2742 Ansellus
1725 2665 1816 2740 de
1851 2664 2223 2740 Bulcenio²

1004 2888 1055 2946 1.
1099 2886 1192 2945 On
1219 2893 1420 2946 trouve
1453 2887 1738 2962 plusieurs
1766 2886 2028 2962 Foulque
2054 2887 2126 2944 de
2154 2884 2360 2958 Levin‚
2389 2884 2651 2943 vidames
2677 2885 2780 2944 des
2807 2887 3055 2960 eveques

930 2975 1001 3034 de
1029 2975 1296 3034 Cambrai
1323 2977 1394 3034 de
1424 2977 1562 3035 1010
1581 2977 1617 3034 a
1638 2977 1777 3035 1150
1810 2976 2027 3050 (Comp.
2060 2976 2465 3042 Introduction,
2499 2991 2663 3032 num.
2693 2974 2804 3047 29).
2835 2974 3054 3048 Impos-

930 3065 1076 3124 sible
1103 3065 1175 3124 de
1202 3064 1551 3124 determiner
1576 3064 1702 3124 leur
1728 3065 1972 3124 nombre
1998 3071 2059 3122 et
2083 3063 2211 3121 leur
2239 3063 2588 3122 succession.

1001 3155 1053 3213 2.
1096 3154 1149 3211 11
1185 3154 1355 3228 s’agit
1392 3154 1500 3226 ici,
1539 3171 1676 3212 sans
1712 3154 1909 3225 doute,
1947 3152 2025 3210 du
2054 3151 2278 3210 celebre
2305 3151 2547 3209 Anselle
2573 3167 2649 3209 ou
2674 3149 2954 3209 Anselme
2980 3150 3055 3210 de

932 3244 1272 3318 Ribemont,
1298 3274 1367 3287 —-
1387 3261 1461 3301 ou
1477 3243 1549 3302 de
1564 3260 1668 3302 son
1685 3241 1777 3299 fils
1796 3251 2007 3315 (comp.
2031 3241 2089 3299 la
2106 3240 2190 3299 fin
2206 3241 2279 3299 de
2295 3247 2446 3299 cette
2465 3246 2645 3312 note),
2672 3270 2745 3283 —
2766 3239 3055 3299 chetelain

931 3332 1006 3390 de
1044 3330 1472 3391 Valenciennes
1518 3339 1579 3390 et
1622 3331 1897 3404 seigneur
1944 3346 2021 3388 ou
2065 3336 2254 3388 comte
2299 3328 2668 3388 d'Ostrevant
2712 3329 2936 3399 (Charta
2976 3331 3055 3386 du

938 3423 1183 3477 Tam-noi
1207 3423 1508 3488 ἀἈηοὴίη,
1542 3421 1888 3489 commenc.)
1906 3462 1922 3492 ,
1952 3418 2053 3493 qui
2075 3419 2214 3492 joua
2242 3417 2371 3492 deje
2396 3436 2479 3476 un
2507 3418 2630 3475 role
2663 3416 3058 3477 considerable

934 3509 1083 3566 dans
1102 3508 1187 3567 les
1207 3508 1435 3567 affaires
1458 3508 1535 3565 du
1561 3507 1885 3566 cambresis
1902 3524 2039 3566 sous
2057 3507 2142 3564 les
2164 3506 2412 3582 eveques
2430 3505 2666 3564 Liebert
2683 3512 2741 3564 et
2760 3506 2980 3565 Grex-aul
3002 3505 3060 3564 11

934 3599 1094 3671 (cose.
1127 3599 1364 3657 Gerardi
1390 3601 1464 3666 II,
1498 3598 1640 3657 θαι.
1672 3597 1948 3666 Lietberti,
1981 3614 2037 3670 p.
2066 3596 2192 3669 493,
2223 3597 2350 3669 494,
2380 3596 2527 3662 499).
2560 3596 2640 3655 Sa
2665 3595 2974 3669 puissance
3000 3602 3061 3653 et

935 3702 1000 3744 sa
1027 3686 1442 3760 magnificence
1470 3691 1602 3743 sont
1627 3701 1836 3743 encore
1869 3684 2234 3743 demontrees
2273 3701 2376 3759 par
2409 3681 2465 3740 le
2503 3683 2732 3742 tournoi
2769 3684 2979 3759 auquel
3016 3682 3060 3741 il

840 3795 845 3799 ·
933 3790 1232 3849 convoqua
1242 3775 1326 3832 les
1340 3773 1658 3833 chevaliers
1677 3773 1755 3831 du
1772 3790 1912 3848 pays
1932 3781 1991 3832 et
2008 3774 2110 3832 des
2125 3791 2266 3849 pays
2285 3773 2718 3845 environnants‚
2743 3771 2779 3829 ὲ
2796 3771 3057 3846 Anchin‚

935 3879 1010 3921 en
1035 3862 1195 3921 1096.
1227 3862 1391 3919 Cette
1420 3862 1534 3920 sete
1561 3861 1836 3919 militaire
1866 3862 1953 3919 fut
1980 3861 2238 3935 presidee
2265 3877 2370 3934 par
2394 3861 2450 3918 le
2479 3867 2667 3918 comte
2688 3859 2760 3918 de
2779 3860 3057 3932 Hainaut,

935 3950 1245 4008 Baudouin
1271 3949 1352 4019 Π,
1382 3949 1469 4008 dit
1494 3950 1566 4006 de
1591 3949 1937 4007 Jerusalem.
1968 3949 2095 4008 Elle
2122 3949 2211 4006 fut
2229 3949 2483 4008 honoree
2502 3948 2573 4005 de
2593 3947 2651 4005 la
2668 3948 2940 4022 presence
2957 3948 3058 4005 des

935 4041 1184 4112 eveques
1210 4036 1283 4094 de
1300 4036 1567 4096 Cambrai
1592 4038 1959 4109 (Manasses)‚
1990 4037 2226 4098 d'Arras
2255 4043 2315 4093 et
2342 4037 2413 4093 de
2431 4035 2641 4110 Noyon
2668 4042 2728 4093 et
2754 4034 2857 4092 des
2884 4034 3059 4092 abbes

936 4125 1259 4200 d'Anchin‚
1289 4124 1588 4184 d'Hasnon
1617 4133 1676 4184 et
1703 4124 1775 4184 de
1804 4125 2063 4200 Crespin.
2109 4124 2251 4183 Plus
2282 4124 2355 4182 de
2381 4124 2521 4182 trois
2548 4130 2711 4181 cents
2737 4123 3058 4183 chevaliers

936 4233 976 4289 y
1001 4221 1294 4289 pai-urent.
1325 4215 1482 4273 Tous
1508 4213 1731 4289 prirent
1757 4213 1816 4272 la
1840 4215 1998 4274 croix
2025 4231 2170 4289 pour
2196 4212 2338 4271 aller
2359 4212 2674 4271 combattre
2694 4211 2778 4271 les
2797 4211 3059 4270 infideles

938 4320 1013 4361 en
1039 4309 1188 4361 terre
1216 4301 1402 4359 sainte
1438 4309 1498 4360 et
1531 4302 1820 4376 plusieurs
1856 4302 2028 4359 firent
2062 4302 2164 4359 des
2192 4300 2338 4359 dons
2374 4300 2410 4357 e
2446 4299 2703 4375 l’abbaye
2730 4298 3056 4372 d'Anchin,
