3558 5493
1310 592 1649 645 mmmm.
2477 599 2539 650 69

860 753 996 827 pro
1034 729 1299 829 pluvia,
1343 754 1479 827 pro
1514 729 1887 831 grandine,

861 869 999 944 pro
1035 845 1228 920 venti
1261 845 1774 946 magnitudine.

646 1082 769 1149 De
806 1095 1206 1165 regressu
1241 1082 1771 1164 imperatoris
1812 1083 1922 1150 ad
1956 1085 2317 1168 propria..
2410 1074 2417 1081 “

427 1295 572 1364 396
963 1293 1116 1365 Rex
1155 1300 1321 1389 post
1355 1291 1675 1388 preclara
1710 1316 1932 1390 opera

863 1430 998 1505 per
1032 1430 1165 1480 nos
1201 1431 1420 1507 agens
1455 1407 1708 1482 itinera

865 1544 1031 1596 cum
1064 1520 1300 1612 laude,
1343 1547 1507 1597 cum
1542 1522 1841 1597 victoria

862 1660 1234 1736 regressus
1269 1645 1379 1710 est
1415 1637 1506 1711 ad
1539 1637 1861 1736 propria.

428 1755 571 1825 397
965 1754 1157 1827 Fecit
1185 1753 1426 1853 jurare
1462 1754 1922 1851 postmodum

865 1893 1204 1969 magnum
1242 1868 1447 1943 valde
1481 1868 1876 1943 exercitum

867 1984 958 2059 ad
994 1984 1326 2058 herbam¹
1369 1984 1609 2058 statim
1644 1984 1993 2060 facturum

866 2100 937 2174 in
975 2100 1336 2175 Flandrias
1372 2101 1900 2202 retrogradum.

430 2217 575 2288 398
969 2219 1055 2290 Se
1092 2240 1224 2290 rex
1259 2226 1590 2314 potenter
1624 2225 1938 2316 reparat,

869 2331 1078 2405 struit
1114 2355 1331 2406 naves
1366 2356 1507 2405 non
1545 2332 1888 2421 modicas,

867 2456 1017 2521 tam
1051 2471 1184 2546 per
1218 2472 1415 2522 mare
1450 2472 1666 2547 quam
1703 2474 1836 2548 per
1870 2458 2101 2524 terras

871 2562 1118 2637 volens
1153 2562 1419 2637 intrare
1455 2563 1843 2639 Flandrias.

435 2680 576 2751 399
971 2675 1110 2752 Sed
1147 2678 1283 2752 hoc
1318 2678 1510 2753 cives
1547 2680 1907 2754 Cameraci

868 2793 1006 2867 hoc
1043 2802 1402 2891 nequeunt
1436 2795 1811 2891 prestolari

872 2933 1035 2983 cum
1071 2936 1113 2983 a
1147 2933 1320 3008 rege
1355 2908 1498 2984 sint
1532 2909 1757 2983 relicti

874 3027 1026 3102 sine
1064 3050 1192 3125 spe
1227 3024 1585 3125 adjutorii.

433 3140 577 3217 400
972 3142 1321 3218 Comitem
1355 3140 1546 3215 enim
1582 3140 1837 3215 leserat

876 3267 947 3334 et
984 3258 1074 3333 ad
1111 3258 1292 3332 iram
1328 3266 1815 3334 commoverat
1858 3284 1873 3330 :

877 3373 1041 3448 inde
1076 3375 1328 3448 timent
1365 3398 1453 3447 ne
1491 3374 1739 3448 redeat

876 3500 949 3565 et
982 3515 1116 3590 per
1149 3490 1299 3564 vim
1329 3514 1454 3564 eos
1488 3490 1746 3589 capiat.

438 3608 568 3682 404
976 3608 1179 3698 Quod
1216 3614 1447 3680 totum
1482 3605 1628 3679 fere
1666 3607 1920 3681 accidit
1965 3633 1980 3678 :

875 3747 1117 3799 comes
1154 3723 1345 3797 enim
1379 3729 1595 3796 noctu
1632 3722 1852 3811 venit,

878 3837 1133 3912 urbem
1170 3838 1374 3911 istam
1415 3836 1863 3925 subintravit,

879 3954 1043 4058 igne
1079 3953 1300 4028 multa
1335 3953 1648 4051 dampna
1682 3952 1873 4026 fecit.

438 4070 586 4147 402
978 4075 1135 4146 Jam
1170 4093 1420 4143 omnes
1455 4077 1621 4144 sunt
1655 4068 2076 4168 introgressi

515 4267 566 4322 1.
618 4263 683 4321 V.
708 4264 744 4321 a
764 4264 820 4322 la
839 4263 920 4320 fin
940 4262 1011 4320 de
1028 4280 1095 4322 ce
1113 4265 1343 4323 volume
1367 4264 1425 4323 la
1451 4263 1604 4323 table
1631 4262 1733 4323 des
1759 4270 1913 4321 mots
1941 4262 2013 4322 de
2041 4262 2099 4322 la
2124 4264 2292 4323 basse
2320 4261 2561 4330 latinae,

447 4373 521 4415 au
550 4360 674 4413 mot
701 4355 928 4411 horbam
955 4355 1091 4422 (ad).
