3558 5493
1323 548 1330 561 '
1388 538 1777 590 BURGBARDI.
1817 541 1855 588 1.
2595 544 2685 598 119

566 672 875 748 cmciato
920 671 1191 747 tamdiu
1238 672 1588 747 concessit
1621 673 1866 747 vivere
1912 675 2107 773 quod
2153 677 2471 775 spacium
2517 704 2685 754 con-

565 788 890 864 fessionis
927 798 999 863 et
1036 790 1264 863 locum
1300 787 1546 863 habuit
1577 789 2033 887 penitentiae.

662 909 743 977 6.
792 910 917 975 De
954 908 1218 976 morte
1253 907 1638 976 Baldulni
1679 908 2033 977 comitis.
2075 948 2174 964 —
2210 907 2522 985 Audiens
2557 911 2686 985 ita-

565 1046 705 1119 que
738 1020 1188 1096 Burchardus
1224 1020 1602 1119 episcopus
1639 1020 1836 1118 quod
1872 1021 1963 1096 de
1998 1023 2144 1098 vita
2186 1025 2463 1099 comitis
2500 1027 2689 1102 nulla

564 1161 732 1235 spes
766 1137 1134 1222 habeatur,
1176 1136 1385 1237 legati
1417 1137 1525 1211 sui
1561 1137 1652 1212 ad
1680 1138 1919 1237 ipsum
1952 1139 2291 1215 velociter
2324 1143 2689 1217 transmit-

565 1262 838 1342 tuntur,
880 1254 1225 1351 quesituri
1261 1279 1352 1327 ex
1387 1262 1590 1352 parte
1626 1280 1754 1329 sua
1782 1263 1862 1329 ut
1886 1255 2289 1353 predictum
2320 1259 2689 1334 castellum

565 1378 803 1445 sancte
840 1370 1093 1446 Mariae
1129 1379 1203 1445 et
1237 1369 1712 1445 castellaniam
1747 1370 2109 1445 liberrime
2145 1372 2434 1462 reddat,
2488 1384 2563 1450 et
2597 1400 2689 1451 ne

564 1510 934 1561 successor
979 1486 1130 1584 ejus
1190 1486 1263 1560 in
1308 1485 1607 1561 eandem
1651 1486 2179 1585 possessionem
2228 1498 2394 1587 post
2450 1491 2687 1588 ipsum

564 1602 893 1691 introeat,
927 1626 1063 1699 pro
1088 1602 1196 1675 sui
1224 1601 1666 1676 absolutione
1692 1611 1764 1676 et
1792 1611 2248 1700 peccatorum
2272 1604 2687 1681 remissione

562 1718 863 1791 firmiter
884 1717 1344 1816 precipiendo
1369 1717 1770 1815 prohibeat.
1806 1721 2144 1817 Suscepta
2172 1718 2471 1795 libenter
2497 1720 2687 1821 lega·

563 1834 752 1908 tione
785 1833 1161 1932 pontificis,
1204 1857 1446 1908 comes
1481 1833 1808 1909 infirmus
1833 1844 2326 1933 compunctus,
2369 1837 2680 1925 humilis,

565 1949 1016 2024 similitudine
1068 1949 1221 2023 veri
1272 1949 1686 2048 penitentis,
1737 1957 2115 2048 utramque
2160 1951 2689 2048 possessionem

562 2066 901 2165 episcopo
925 2066 1220 2140 liberam
1246 2066 1601 2156 clamavit,
1631 2066 2013 2141 exterritus
2035 2074 2268 2141 morte
2294 2067 2687 2142 imminenti

563 2190 635 2256 et
671 2182 927 2256 timore
957 2183 1235 2257 Domini
1271 2190 1344 2255 et
1378 2181 1494 2256 die
1522 2181 1791 2281 judicii.
1834 2186 2042 2256 Facta
2076 2208 2254 2258 vero
2288 2183 2689 2259 redditione

562 2297 826 2372 castelli
876 2307 949 2371 et
995 2297 1469 2386 castellaniae,
1524 2321 1783 2381 comes,
1819 2298 2245 2387 absolvitur,
2303 2308 2689 2398 antequam

564 2414 935 2502 moriatur,
974 2439 1016 2486 a
1044 2412 1452 2489 Burchardo
1482 2414 1816 2512 pontifice
1847 2441 1862 2486 ε
1900 2438 2030 2489 nec
2054 2438 2285 2502 mora,
2318 2414 2688 2490 defunctus

565 2532 738 2619 est¹‚
772 2534 918 2604 Deo
947 2530 1237 2629 gratias,
1282 2531 1350 2603 in
1381 2529 1765 2629 penitentia
1803 2538 1876 2604 et
1912 2530 2408 2605 satisfactione.
2451 2536 2690 2629 Usque

564 2645 808 2735 mode,
854 2645 1282 2744 propitiante
1307 2645 1636 2734 Domino,
1679 2646 1853 2719 haec
1886 2646 2124 2720 omnia
2160 2671 2508 2745 prospere
2534 2672 2690 2722 cre-

565 2763 800 2837 dimus
839 2761 1178 2835 accidisse
1213 2762 1304 2835 ad
1337 2762 2086 2840 reddendam-sanctae
2116 2764 2371 2839 Mariae
2406 2788 2690 2862 posses-

566 2879 837 2953 sionem
858 2902 1059 2951 suam
1069 2934 1084 2951 .
1105 2879 1244 2952 Sed
1258 2876 1603 2965 diabolus,
1626 2877 1811 2953 bone
1826 2878 2117 2953 actionis
2131 2879 2439 2970 invidus,
2461 2880 2691 2955 adhuc

564 2993 942 3092 temptavit
967 3001 1310 3090 quantum
1344 2994 1569 3091 potuit
1603 2994 1869 3091 paratis
1905 2993 2253 3069 obsistere
2287 2994 2689 3093 factamque

566 3111 1093 3185 concessionem
1121 3110 1193 3184 in
1219 3109 1500 3208 longam
1528 3110 2137 3209 perturbationem
2168 3111 2537 3186 reducere.

664 3234 742 3298 ’7.
794 3233 919 3298 De
955 3232 1269 3298 Karolo
1308 3230 1608 3298 comite
1648 3230 2164 3300 mandi-ensi.
2206 3269 2305 3284 —
2342 3228 2693 3303 Successit

568 3344 849 3419 enimin
874 3343 1223 3417 honorem
1245 3342 1564 3417 Balduini
1600 3343 1877 3417 comitis
1915 3344 2177 3442 nepos²
2208 3369 2380 3419 suus
2407 3344 2691 3420 nomine

567 3459 898 3546 Karolus,
955 3460 1148 3559 regis
1181 3458 1636 3534 Danimarcae
1679 3459 1901 3546 filius,
1959 3459 2073 3532 vir
2121 3470 2376 3560 potens
2411 3469 2484 3535 et
2518 3485 2691 3559 pru·

640 3675 689 3730 1.
732 3672 814 3728 Le
846 3672 914 3729 17
938 3672 1067 3746 juin
1099 3672 1256 3742 1119,
1289 3687 1360 3728 au
1391 3672 1755 3746 temoignage
1784 3671 1855 3729 de
1888 3671 2129 3729 l'auteur
2158 3673 2590 3747 contemporain
2620 3673 2692 3732 de

569 3763 623 3819 la
652 3760 762 3817 Vie
791 3760 860 3818 de
891 3760 1127 3817 Charles
1160 3761 1213 3817 le
1241 3759 1366 3817 Bon
1403 3764 1565 3834 (Mon.
1600 3763 1802 3828 Germ„
1837 3762 1934 3819 SS.
1960 3770 1999 3818 t.
2028 3761 2169 3835 XII,
2192 3780 2247 3836 p.
2273 3763 2414 3834 541).
2438 3762 2691 3820 L'annee

572 3852 709 3909 1119
736 3857 825 3908 est
852 3850 1008 3907 aussi
1040 3849 1311 3923 marquee
1338 3865 1562 3908 comme
1591 3849 1735 3908 celle
1759 3849 1831 3907 de
1859 3851 1914 3907 la
1939 3860 2092 3909 mort
2120 3850 2189 3909 de
2212 3852 2518 3911 Bandouin
2545 3852 2691 3910 dans

568 3942 651 3998 les
671 3939 931 3996 Annales
953 3938 1244 3996 d'Anchin
1270 3941 1340 4013 (p.
1368 3939 1489 4000 504)
1513 3950 1571 3996 et
1588 3939 1730 3995 dans
1751 3939 2025 3998 Lambcrt
2044 3940 2116 3999 de
2128 3941 2426 4000 Watrelos
2450 3945 2523 4016 (p.
2543 3942 2687 4015 513).

569 4030 650 4085 La
681 4027 932 4085 Version
962 4027 1240 4098 franc-aisa
1268 4029 1505 4102 indique
1532 4028 1566 4084 a
1595 4033 1710 4084 tort
1737 4026 1964 4087 l'annee
1994 4030 2132 4088 1118
2162 4033 2242 4105 (p.
2274 4031 2402 4103 522,
2433 4048 2489 4087 n.
2526 4030 2633 4100 34).

637 4119 689 4174 2.
735 4119 938 4174 Gousin
975 4109 1247 4186 yerm'az'n.
1294 4118 1380 4176 La
1421 4118 1578 4175 mere
1620 4114 1691 4175 de
1728 4116 1964 4175 Chai-les
2007 4118 2058 4174 le
2086 4119 2213 4176 Bon
2253 4118 2397 4177 etait
2433 4135 2587 4176 soeur
2617 4117 2690 4178 de

573 4203 790 4262 Robert
817 4205 896 4276 ΙΙ,
927 4205 1062 4278 pere
1092 4203 1162 4262 de
1201 4206 1506 4264 Bandouin
1538 4205 1655 4262 VII
1684 4208 1852 4277 (Mon.
1891 4208 2071 4266 Germ.
2112 4215 2253 4266 tom.
2295 4209 2419 4280 cit,
2459 4225 2515 4282 p.
2562 4208 2686 4281 540,

571 4293 670 4350 lin.
705 4294 779 4367 2).
811 4326 882 4336 -
913 4293 1114 4368 Comp.
1150 4293 1277 4366 plus
1305 4293 1404 4351 bas
1439 4296 1490 4351 la
1521 4302 1654 4351 note
1684 4295 1718 4351 a
1749 4294 1801 4352 la
1833 4303 1931 4352 stt.
1965 4297 2069 4353 202
2100 4295 2200 4355 des
2229 4297 2365 4355 Gest.
2399 4298 2636 4355 Nicolai.
