3558 5493
908 544 1001 595 228

910 1024 1054 1099 372

910 1490 1051 1559 373

909 1946 1051 2019 374

912 2412 1053 2480 375

910 2872 1051 2943 376

913 3332 1053 3403 377
1178 3412 1189 3421 s

912 3793 1053 3862 378
1182 3888 1189 3893 .

913 4254 1051 4323 379

1872 536 2075 588 GESTA

1348 671 1542 770 quod
1576 670 1974 745 commissis
2009 668 2442 768 pauperibus

1351 788 1596 887 nequit
1631 813 1788 862 esse
1822 785 2211 860 advocatus

1339 904 1501 1005 jure
1538 902 1646 978 sui
1683 903 2114 990 dominatus,

1444 1020 1605 1096 huic
1641 1020 1850 1095 datus
1886 1017 2320 1117 contemptui

1347 1136 1700 1211 civitatem
1740 1135 2098 1212 Cameraci

1346 1260 1570 1328 totam
1602 1252 1676 1326 in
1711 1252 1947 1327 banno
1983 1250 2222 1349 posuit

1345 1368 1761 1444 auctoritate
1797 1367 2100 1455 Domini,

1447 1485 1726 1558 favente
1762 1481 2242 1581 archipresule

1346 1607 1560 1698 atque
1595 1598 1910 1673 bannum
1946 1598 2436 1684 confirmante,

1348 1723 1644 1813 excepta
1681 1715 2146 1802 confessione,

1345 1830 1629 1918 viaticO,
1673 1829 2127 1928 baptismate.

1445 1944 1815 2020 Canonicis
1851 1953 1924 2018 et
1957 1942 2321 2019 monacbis

1346 2061 1584 2135 laudat
1620 2060 1859 2135 divina
1895 2061 2047 2134 fieri

1348 2175 1574 2274 portis
1611 2175 1869 2250 clausis
1904 2201 2040 2274 pro
2075 2175 2268 2249 laicis

1346 2290 1856 2389 silentibusque
1893 2291 2201 2365 classicis
2243 2317 2259 2362 ε

1442 2406 1719 2482 familiis
1755 2406 2175 2482 clericorum

1347 2531 1420 2597 et
1451 2520 2044 2596 cubiculariorum

1347 2644 1420 2710 et
1455 2635 1822 2711 conversis
1858 2635 1949 2710 ad
1987 2635 2363 2711 Dominum

1347 2753 1638 2852 plenum
1674 2753 1894 2828 donat
1929 2752 2377 2851 obsequium.

1445 2868 1779 2942 Similiter
1814 2868 1885 2942 in
1922 2869 2195 2944 Haunio

1345 2984 1429 3057 fit
1463 2983 1701 3058 divina
1735 2984 2052 3059 defensio

1346 3098 1503 3198 pari
1540 3099 1830 3197 quidem
1869 3100 2189 3189 consilio,

1347 3215 1502 3313 pari
1539 3240 1825 3313 quoque
1861 3216 2272 3305 constituto,

1447 3354 1584 3427 pro
1623 3329 1883 3403 comite
1916 3331 2381 3405 Montensium

1347 3444 1471 3543 qui
1508 3444 1818 3545 fregerat
1854 3444 2379 3533 Sambucetum,

1346 3560 1661 3659 episcopi
1689 3560 1808 3660 jus
1845 3561 2219 3660 proprium

1347 3676 1622 3775 sibique
1660 3677 2204 3763 successorium,

1447 3792 1570 3888 qui
1605 3793 1910 3867 rusticos
1944 3801 2310 3867 taxaverat

1348 3905 1529 3981 sicut
1563 3907 1716 4006 ipse
1754 3908 1917 4007 plus
1951 3918 2234 4007 poterat

1348 4029 1558 4119 atque
1596 4021 1711 4096 die
1749 4024 2073 4099 festinata

1346 4137 1753 4235 persolvere
1790 4148 2145 4241 coegerat.

1445 4258 1613 4328 Post
1646 4255 1777 4329 hec
1812 4255 2101 4331 mandat
2136 4256 2524 4332 imbannita
2593 4339 2599 4345 ,
