3558 5493
932 609 1025 662 218
1888 608 2096 659 GESTA

1368 742 1793 818 maledicunt
1829 749 1903 815 et
1938 740 2077 815 diei

1367 882 1513 956 quo
1549 857 1839 931 intravit
1872 865 1945 931 et
1979 855 2295 931 ascendit

1365 973 1457 1048 ad
1493 973 1769 1048 culmen
1808 972 2176 1070 episcopii.

933 1093 1075 1167 312
1464 1089 1589 1166 Cui
1625 1089 1697 1163 in
1737 1088 2153 1163 necessitate

1367 1231 1507 1280 non
1545 1214 1884 1280 verentur
1917 1203 2295 1279 ostendere

1367 1319 1530 1419 quia
1563 1328 1811 1394 contra
1846 1343 2012 1394 eum
2047 1319 2254 1396 valde
2328 1383 2340 1395 ,

1362 1435 1520 1510 irati
1555 1443 1721 1510 sunt
1751 1459 1887 1532 pro
1922 1438 2256 1533 Symone,

932 1554 1071 1624 313
1461 1575 1550 1624 eo
1586 1551 1781 1648 quod
1820 1550 2114 1625 dederat
2148 1549 2214 1625 ei

1360 1666 1771 1742 firmitatem
1807 1666 2275 1756 Sanctoberti,

1363 1781 1455 1857 de
1492 1806 1636 1879 quo
1666 1781 2093 1857 estimabant
2128 1781 2263 1856 sibi

1361 1897 1650 1971 evenire
1686 1896 1898 1971 nichil
1935 1891 2131 1971 boni.

927 2014 1005 2083 31
1022 2009 1070 2084 4
1460 2017 1548 2087 Et
1582 2011 1814 2086 stultis
1847 2010 2269 2086 maledicere

1363 2152 1505 2202 non
1537 2127 1797 2202 suffieit
1832 2127 1923 2202 de
1960 2127 2266 2227 presule,

1362 2242 1490 2317 sed
1525 2242 1887 2316 minantur
1920 2243 2305 2341 deponere,

1356 2356 1604 2458 fugare
1640 2365 1764 2432 aut
1797 2357 2144 2433 occidere.

925 2475 1065 2544 315
1455 2475 1846 2569 Tamquam
1881 2497 2130 2547 omnes
2161 2473 2303 2548 sint
2337 2473 2560 2548 insani

1357 2588 1688 2661 locuntur
1724 2586 1815 2660 dc
1850 2587 2005 2687 lege
2042 2589 2194 2676 Dei,

1356 2702 1449 2780 de
1484 2702 1752 2778 honore
1793 2702 2140 2802 episcopi,

1356 2818 1449 2894 de
1484 2826 1669 2894 statu
1706 2819 1815 2894 sui
1852 2819 2121 2894 domini

924 2935 1066 3005 316
1454 2959 1598 3010 non
1634 2935 1817 3011 sicut
1850 2935 2003 3034 ejus
2036 2935 2357 3012 homines

1302 3126 1307 3133 ,
1356 3049 1717 3125 christiam
1751 3059 1827 3125 et
1861 3050 2136 3141 fideles,

1356 3165 1483 3241 sed
1520 3166 1702 3241 sicut
1735 3166 1961 3265 aperti
1997 3166 2263 3256 hostes,

1002 3336 1009 3345 .
1354 3289 1696 3378 quantum
1732 3279 1996 3354 audent
2029 3290 2533 3381 repugnantes.

919 3398 996 3467 31
1016 3397 1062 3467 ’7
1452 3394 1782 3468 Seniores
1818 3395 2176 3470 Gameraci

1354 3509 1933 3609 potentioresque
1968 3509 2132 3598 viri,

1354 3624 1475 3723 qui
1513 3625 1860 3700 sufferunt
1895 3625 2366 3723 blasphemari

1356 3765 1611 3816 nomen
1647 3740 1757 3815 sui
1793 3741 2107 3840 episcopi

919 3855 1059 3927 318
1450 3863 1523 3928 et
1555 3854 1936 3930 emendare
1971 3854 2333 3955 negligunt

1354 3968 1482 4044 sed
1517 3970 1754 4045 rident
1788 3970 2073 4069 quando
2108 3970 2425 4061 audiunt,

1354 4084 1720 4160 intendere
1754 4086 1891 4160 hoc
1926 4085 2191 4161 faciunt

1352 4198 1546 4295 quod
1584 4200 1941 4297 presulem
1980 4224 2121 4274 non
2159 4199 2482 4300 diligunt.
