3558 5493
534 1033 679 1108 332

534 1499 676 1571 333

529 1955 673 2031 334

525 2422 668 2494 335

525 2883 668 2956 336

521 3346 664 3418 337

1420 553 1758 606 mmmm
2586 553 2648 605 57

970 688 1307 786 illumque
1343 686 1512 762 inde
1546 687 1874 761 obsecrat

972 811 1045 877 et
1078 804 1312 903 arguit
1347 812 1421 876 et
1455 802 1775 900 increpat

964 918 1318 1020 justiciam
1354 927 1435 994 ut
1469 917 1700 993 faeiat.

1067 1040 1223 1112 Jam
1262 1034 1397 1109 sibi
1435 1043 1781 1134 quantum
1816 1033 2081 1133 placuit

973 1148 1391 1225 Geleherum
1427 1174 1556 1224 rex
1590 1149 1891 1225 detinuit
1935 1176 1950 1222 ε

970 1264 1099 1341 sed
1135 1266 1320 1339 inter
1352 1266 1485 1340 hec
1520 1266 1715 1364 quod
1752 1264 2006 1339 aeeidit

975 1379 1143 1456 nulli
1178 1380 1421 1454 mirari
1459 1380 1740 1454 suffieit.

1067 1498 1243 1569 Nam
1280 1495 1516 1570 cleriei
1554 1504 1627 1570 et
1661 1495 1813 1569 leiei

972 1634 1114 1686 non
1151 1619 1518 1686 servantes
1548 1611 1711 1711 jura
1745 1610 1939 1710 regis

969 1752 1200 1824 neque
1236 1734 1501 1801 statum
1538 1726 1819 1824 imperii

967 1864 1198 1940 neque
1231 1840 1448 1917 decus
1485 1840 1829 1939 episcopi,

1063 1956 1136 2029 in
1176 1955 1356 2030 hanc
1391 1956 1581 2055 regis
1618 1955 1975 2061 eivitatem

964 2072 1515 2147 introduxerunt
1548 2076 1966 2159 Manessem‚

966 2212 1181 2286 quem
1216 2188 1425 2288 longe
1462 2196 1625 2262 ante
1661 2188 1977 2262 fecerant

965 2325 1185 2399 super
1219 2300 1638 2377 Galeherum
1673 2300 2059 2399 presulem.

1061 2420 1436 2517 Ingressus
1463 2418 1558 2490 ita
1597 2415 2054 2515 postmodum

963 2558 1096 2632 per
1132 2532 1399 2607 elerum
1435 2541 1508 2607 et
1545 2557 1677 2632 per
1710 2532 2061 2633 populum

963 2657 1037 2724 et
1072 2672 1319 2723 eorum
1358 2647 1726 2721 eonsilium

960 2764 1075 2838 hie
1111 2763 1498 2839 celebravit
1532 2762 1943 2861 synodum¹.

1058 2885 1193 2954 Per
1226 2878 1419 2953 idem
1455 2887 1741 2976 tempus
1779 2882 2134 2952 Manasses

959 2994 1073 3069 ille
1109 3004 1190 3070 ut
1227 2989 1455 3068 novus
1492 2992 1813 3093 pontifex

959 3134 1189 3186 novos
1225 3109 1340 3185 hie
1375 3133 1593 3210 agens
1629 3108 1920 3183 ordines

958 3234 1156 3300 actus
1191 3224 1534 3300 confinxit
1569 3224 1911 3299 celebres.

1055 3342 1182 3431 Qui
1223 3342 1337 3415 hie
1373 3341 1509 3415 sub
1545 3341 1776 3415 tribus
1812 3339 2175 3415 mensibus

955 3457 1216 3532 mansit
1252 3465 1373 3531 eut
1406 3457 1619 3555 paulo
1655 3455 1984 3555 amplius,

955 3571 1151 3670 quod
1187 3572 1336 3647 suis
1371 3572 1494 3647 dat
1530 3571 1855 3646 fidelibus

954 3688 1208 3762 tollens
1243 3686 1879 3764 GaleheriensibuS.

587 3945 637 3998 1.
670 3940 748 3999 Ge
777 3942 994 4016 synode
1022 3952 1123 4000 eut
1152 3943 1269 4001 lieu
1300 3960 1373 3999 en
1408 3942 1566 4016 1098,
1597 3941 1752 3999 ainsi
1782 3958 1893 4014 que
1923 3942 2235 3999 l'ettestent
2261 3939 2344 3998 les
2369 3940 2531 3998 detes
2560 3939 2631 3998 de

512 4030 655 4088 trois
682 4029 967 4104 diplomes
994 4030 1219 4105 (Gomp.
1252 4030 1385 4106 plus
1412 4031 1575 4104 haut,
1608 4037 1742 4087 note
1770 4030 1806 4086 ὲ
1833 4030 1891 4086 le
1919 4036 2019 4086 str.
2039 4027 2163 4100 289,
2188 4040 2276 4085 ω’·
2297 4029 2351 4101 3,
2379 4030 2434 4102 4,
2458 4028 2530 4098 5).
2557 4059 2631 4072 —

512 4119 596 4176 Le
622 4116 878 4191 diplome
905 4118 979 4176 de
1007 4119 1147 4176 1100
1175 4121 1354 4193 (ibid,
1388 4127 1451 4176 n·
1478 4117 1535 4184 9)
1565 4133 1638 4174 ne
1667 4117 1885 4174 semble
1914 4116 2112 4176 devoir
2129 4121 2246 4175 etro
2264 4116 2499 4192 regardo
2516 4133 2628 4190 que

514 4223 742 4265 comme
769 4224 886 4266 une
913 4208 1324 4283 transcription
1360 4207 1438 4264 du
1476 4206 1784 4281 precedent
1822 4213 1913 4273 (n0
1951 4207 2001 4280 8)
2041 4227 2054 4263 ε
2100 4206 2337 4264 l'erreur
2375 4204 2547 4280 qu'on
2587 4223 2627 4279 y

512 4304 715 4353 trouve
741 4294 886 4354 dens
915 4296 970 4354 le
997 4296 1198 4356 chiffl-e
1226 4298 1297 4355 de
1327 4295 1652 4353 l'indiction
1681 4296 1957 4354 confit-me
1986 4303 2132 4354 cette
2162 4296 2493 4370 hypothese.
