3558 5493
1409 617 1776 668 mnsam.
2561 620 2649 673 169

920 752 1124 845 Quod
1160 777 1238 829 se
1275 751 1661 852 pepigisse,
1704 750 1949 840 credo,
1993 750 2319 848 penituit,

820 893 986 945 cum
1020 876 1188 967 post
1218 867 1293 941 in
1329 867 1602 942 honore
1638 874 1779 942 stat
1813 875 2155 966 quantum
2190 866 2448 965 potuit.

526 987 625 1063 27
628 991 672 1061 5
918 989 1237 1084 Namque
1273 982 1366 1059 ad
1401 1007 1720 1058 cesarem
1755 982 1955 1058 vadit
1989 981 2352 1073 continuo,

822 1125 1121 1203 sperans
1153 1099 1432 1176 restitui
1468 1099 1620 1199 ejus
1655 1098 1945 1173 auxilio.

916 1217 1153 1316 Pergit
1188 1214 1281 1290 ad
1318 1225 1705 1314 patronum
1732 1223 1900 1290 ante
1936 1215 2126 1289 hunc
2161 1215 2570 1306 terminum,

818 1331 1187 1430 postulans
1223 1329 1539 1405 scribere
1577 1331 1667 1406 ad
1704 1329 2174 1430 apostolicum
2212 1357 2228 1403 :

916 1457 996 1522 ut
1030 1457 1327 1545 propter
1360 1446 1774 1522 mandatum
1810 1446 2072 1522 cesaris
2105 1447 2408 1548 gratiam

526 1568 671 1642 280
821 1563 1148 1663 promissi
1183 1563 1391 1638 faciat
1424 1563 2013 1640 misericordiam.

916 1679 1120 1753 Illum
1156 1680 1379 1754 secuti
1417 1688 1585 1754 sunt
1620 1679 1839 1754 curtis
1876 1679 2282 1778 prepositus

819 1802 1034 1893 atque
1071 1795 1430 1870 Cameraci
1466 1794 1759 1893 quidam
1796 1794 1886 1868 de
1923 1794 2226 1883 civibus,

915 1919 1327 1986 accusantes
1364 1935 1529 1986 eum
1568 1935 1813 1985 coram
1847 1909 2318 2010 principibus,

816 2051 1065 2102 coram
1099 2026 1480 2125 episcopis,
1523 2050 1767 2101 coram
1802 2026 2205 2116 comitibus,

524 2146 669 2220 285
916 2144 1006 2218 de
1041 2144 1178 2217 hoc
1214 2142 1409 2241 quod
1444 2166 1694 2217 omnes
1733 2143 1883 2216 vult
1920 2143 2010 2216 de
2039 2143 2200 2242 jure
2239 2142 2536 2242 proprio

817 2259 1309 2346 exhereditare
1345 2258 1496 2334 sine
1526 2258 1821 2359 judicio.

912 2379 971 2450 E
1002 2384 1250 2449 contra
1285 2374 1729 2473 respondens
1765 2375 2008 2474 presul
2043 2376 2343 2451 viriliter

816 2490 970 2590 regi
1008 2491 1312 2566 innotuit
1348 2517 1566 2592 quam
1598 2491 1972 2566 infideliter

916 2606 1052 2704 ipsi
1086 2608 1441 2683 Cameraci
1479 2606 1672 2682 illum
1704 2617 2184 2682 mactaverant

522 2726 666 2800 290
813 2732 887 2799 et
923 2748 1091 2798 suos
1126 2722 1450 2799 redditus
1487 2722 1617 2797 sibi
1654 2722 2116 2799 abstulerant.

914 2838 1116 2928 Quod
1153 2838 1439 2936 quando
1477 2839 1776 2913 audiunt
1812 2838 2070 2914 divites
2100 2839 2396 2930 domini,

812 2954 1099 3028 tractari
1135 2954 1465 3028 timentes
1500 2978 1703 3028 more
1739 2955 2113 3044 consimili,

906 3067 1225 3168 judicant
1260 3079 1341 3144 ut
1377 3069 1608 3144 nullus
1644 3070 1917 3145 servire
1949 3069 2207 3146 audeat

812 3185 1102 3260 domino
1136 3186 1435 3283 proprio
1474 3186 1603 3260 nisi
1644 3186 2015 3285 precipiat,

519 3302 664 3377 295
908 3300 1032 3399 qui
1069 3301 1395 3377 feodatus
1431 3311 1543 3376 est
1576 3302 1833 3377 habeat
1866 3302 2156 3377 feodum

811 3417 1220 3517 nullumque
1257 3418 1521 3495 nolenti
1558 3428 1722 3519 agat
1758 3418 2198 3494 servitium¹.

908 3533 1211 3609 Jubente
1247 3559 1488 3609 cesare
1525 3560 1695 3609 mox
1727 3560 1861 3633 per
1885 3534 2231 3635 judicium

811 3648 901 3722 de
933 3650 1383 3751 prepositura
1417 3652 1498 3725 fit
1533 3650 1985 3751 privilegium

909 3791 998 3840 ne
1035 3767 1196 3866 quis
1230 3766 1627 3866 prepositet
1661 3767 1733 3839 in
1774 3792 1902 3840 sua
1935 3768 2130 3841 curia

521 3884 661 3955 300
812 3880 941 3954 nisi
980 3881 1410 3955 concesserit
1445 3881 1748 3979 presulis
1785 3883 2038 3980 gratia.

906 3995 1082 4070 Hinc
1117 3999 1656 4072 Cameracenses
1691 3996 1959 4072 turbati
1996 4007 2317 4073 remeant

809 4120 884 4185 et
917 4110 1054 4184 hoc
1080 4110 1426 4209 judicium
1462 4112 1719 4187 nemini
1759 4114 2164 4212 propalant,

594 4370 643 4424 ¹.
684 4366 884 4442 Gomp.
920 4370 1321 4435 Introduction,
1358 4384 1519 4425 num.
1554 4369 1640 4426 30.
