3558 5493
1390 597 1725 649 emmim.
2312 564 2317 575 ’
2554 594 2613 646 ⁷5

933 732 1144 807 talem
1182 731 1275 806 de
1310 754 1442 805 suo
1476 730 1695 804 latere

937 847 1061 945 qui
1096 846 1334 922 veniat
1369 845 1740 921 absolvere

940 963 1097 1037 illos
1134 962 1230 1038 de
1262 962 1733 1037 anathemate.

530 1201 667 1267 De
704 1197 1219 1267 absolutione
1264 1196 1568 1265 civium
1606 1195 1693 1261 et
1732 1184 2576 1262 excommunicatione

1354 1303 1762 1372 Galcherl.

500 1524 646 1599 436
1038 1523 1246 1602 Venit
1281 1523 1372 1598 ad
1409 1523 1545 1597 hoc
1579 1522 1981 1597 faciendum

941 1638 1184 1739 presul
1223 1638 1417 1715 idem
1452 1638 1935 1724 Remensium,

941 1754 1250 1831 absolvit
1287 1753 1582 1843 clerum,
1624 1753 1997 1852 populum,

941 1872 1132 1946 foras
1169 1870 1260 1945 ad
1298 1868 1498 1944 urbis
1533 1868 1833 1944 exitum.

505 1988 647 2062 437
1040 1990 1203 2093 Mol}
1240 1988 1696 2062 cameracum
1731 1990 2062 2082 penetrat

944 2100 1226 2190 urbem,
1269 2124 1352 2174 ac
1386 2098 1792 2174 reconciliat

944 2215 1314 2291 universas
1351 2213 1681 2289 ecclesias

948 2330 1364 2430 singulaque
1400 2328 1706 2404 altaria¹.

507 2449 651 2523 438
865 2544 873 2551 .
1046 2446 1236 2521 Facit
1273 2445 1568 2535 clerum,
1602 2444 1808 2545 jubet
1844 2443 2131 2542 plebem

950 2571 1100 2637 tam
1135 2587 1270 2661 per
1305 2587 1507 2637 sacra
1542 2586 1759 2659 quam
1795 2585 1931 2660 per
1964 2560 2185 2637 fidem

948 2679 1039 2754 ad
1075 2682 1497 2755 Remensem
1533 2677 1781 2753 ecclesi
1787 2701 1903 2753 am

947 2795 1135 2869 ferre
1172 2794 1675 2870 obedientiam.

513 2911 655 2986 439
1051 2910 1472 2986 Galcherum
1508 2908 2073 2984 excommunioni

949 3026 1367 3126 episcopum
1402 3050 1533 3130 nec
1570 3025 1888 3099 nominat

952 3151 1025 3218 et
1061 3167 1348 3218 omnem
1385 3142 1622 3217 virum
1656 3149 1946 3216 execrat

952 3260 1074 3356 qui
1112 3266 1521 3333 execratum
1553 3258 1866 3357 adjuvat.

587 3464 638 3519 1.
680 3462 953 3521 Lambert
979 3461 1051 3519 de
1080 3459 1373 3519 Watrelos
1401 3460 1594 3518 donne
1619 3461 1899 3536 quelques
1928 3459 2132 3518 details
2159 3460 2258 3535 qui
2288 3476 2360 3516 ne
2389 3476 2451 3517 se
2481 3467 2636 3518 trou-

516 3559 654 3609 vent
688 3567 790 3624 pas
830 3551 977 3608 dans
1014 3558 1179 3609 notre
1214 3565 1523 3625 anonyme.
1564 3553 1814 3608 Domnus
1848 3552 2125 3607 Manasscs
2159 3551 2630 3620 archiepiscopus,

515 3637 673 3696 dit-il
703 3639 739 3695 a
764 3639 880 3695 l'an
909 3639 1069 3709 1103,
1102 3640 1255 3709 apud
1282 3639 1644 3695 Camaracum
1672 3641 1897 3710 ipsemet
1922 3641 2074 3694 venit
2102 3653 2229 3694 cum
2256 3639 2465 3693 duobus
2493 3641 2635 3709 epis-

516 3733 684 3799 copis,
713 3729 1070 3798 Inqclramno
1102 3721 1458 3784 laudunensi
1484 3734 1535 3783 ct
1550 3730 1803 3784 Iohanne
1822 3729 2132 3783 florinensi
2156 3724 2245 3796 (de
2271 3724 2631 3797 Terouanne)

514 3825 567 3875 ct
594 3835 721 3875 cum
744 3819 1008 3888 pluribus
1030 3821 1298 3889 personis,
1327 3821 1593 3889 petitione
1620 3834 1745 3873 vcro
1775 3823 1892 3875 tam
1921 3820 2249 3873 clericorum
2272 3832 2442 3887 quam
2473 3818 2635 3872 laico-

515 3924 649 3963 rum
685 3923 722 3964 a
758 3909 1143 3963 maledictione
1179 3923 1364 3964 omnes
1399 3908 1632 3963 absolvit
1676 3906 1760 3963 18.
1803 3907 2077 3963 Kalendas
2122 3907 2392 3973 Octobris,
2436 3907 2637 3974 viyilia

514 3997 721 4052 scilicet
740 3998 923 4050 sancti
940 3996 1211 4051 Matthaei
1224 3998 1457 4065 apostoli
1475 3993 1695 4064 (Lamb.
1721 3991 2041 4065 WatreIOS,
2056 4009 2114 4065 p.
2136 3992 2346 4049 510.-
2363 3992 2448 4049 La
2463 3989 2636 4063 vigile

515 4083 588 4141 de
617 4083 675 4141 S.
711 4083 994 4141 Matthieu
1021 4083 1216 4142 tombe
1243 4084 1299 4141 le
1324 4084 1395 4141 ‘20
1425 4084 1750 4156 septembre
1778 4090 1839 4140 et
1866 4098 1969 4155 par
2005 4081 2362 4155 consequent
2396 4080 2451 4137 le
2482 4080 2549 4137 12
2579 4086 2638 4137 et

513 4187 635 4230 non
661 4172 716 4230 le
745 4173 813 4229 18
841 4171 942 4230 des
969 4173 1236 4231 calendes
1264 4172 1548 4231 d'octobre
1582 4191 1595 4228 ε
1639 4171 1681 4228 il
1709 4190 1747 4245 y
1775 4190 1811 4229 a
1838 4171 1987 4230 donc
2012 4188 2128 4229 une
2158 4170 2313 4227 faute
2343 4171 2414 4227 de
2445 4176 2635 4226 traus-

517 4260 762 4334 cription
787 4277 933 4335 pour
959 4278 1025 4320 ce
1053 4262 1294 4327 chiffre).
1339 4263 1447 4320 Ces
1480 4260 1687 4318 details
1725 4270 1828 4320 ont
1863 4262 1955 4319 ete
1982 4260 2203 4318 inseres
2233 4259 2378 4318 dans
2406 4257 2461 4316 la
2490 4257 2635 4314 Ver·

520 4349 648 4407 sion
675 4349 956 4421 franceise
985 4349 1054 4408 de
1083 4358 1247 4409 notre
1276 4349 1592 4424 chronique
1621 4360 1700 4423 (p.
1735 4351 1881 4414 517).
