3558 5493
1144 623 1441 683 13stOE
1475 623 2012 677 succussomlms,
2546 624 2639 676 245

1062 759 1551 859 pontificatum
1586 757 1899 845 habuit¹‚

964 874 1090 951 sed
1126 874 1249 950 diu
1284 897 1430 948 non
1464 873 1777 948 retinuit.

1056 995 1232 1065 Nam
1266 1014 1464 1064 mors
1501 997 1574 1063 et
1608 988 2047 1063 consecratio

574 1108 667 1179 55
961 1105 1169 1181 unius
1205 1104 1369 1179 anni
1407 1103 1638 1203 spatio

1058 1245 1277 1320 quem
1311 1221 1445 1295 ista
1481 1219 1649 1294 feeit
1683 1218 2045 1318 presulem

962 1337 1135 1411 haee
1170 1335 1457 1412 reduxit
1489 1335 1580 1410 ad
1620 1333 2055 1434 pulverem2.

1317 1572 1442 1638 De
1489 1571 1843 1652 Regem.

1058 1789 1235 1863 Hinc
1266 1793 1586 1889 Rogerus
1621 1789 2000 1864 aecclesiae

961 1914 1071 1980 eet
1105 1914 1399 1979 ornatus
1435 1903 1779 2003 regimine

573 2024 665 2094 60
1059 2045 1276 2120 quem
1309 2020 1640 2096 Waurins
1674 2044 1767 2093 ex
1801 2018 2156 2093 nobilibus

960 2145 1201 2211 ortum
1236 2136 1627 2211 monstrat³
1668 2135 2081 2234 parentibus

1062 2253 1186 2350 qui
1223 2252 1474 2327 famosi
1511 2251 1759 2325 militia

962 2377 1293 2467 potentes
1326 2377 1492 2443 sunt
1525 2368 1597 2442 in
1634 2367 1930 2466 patria&

1060 2603 1160 2673 De
1196 2599 1306 2673 his
1343 2623 1525 2697 quos
1561 2598 2085 2673 nominavimus

575 2717 668 2790 65
967 2714 1234 2790 dictare
1270 2712 1717 2813 cupientibus

1059 2831 1350 2932 grandis
1386 2838 1609 2905 restat
1641 2830 1994 2919 maneria,

597 3056 647 3111 1.
692 3052 975 3124 Sisseberti
1025 3054 1280 3111 Chronie.
1326 3052 1545 3110 Gontin.
1576 3054 1894 3123 Aquieinet.
1936 3050 2008 3108 ad
2049 3067 2142 3109 an.
2189 3052 2324 3108 1174
2356 3051 2433 3125 (p.
2466 3052 2587 3125 415)
2625 3070 2638 3109 :

525 3144 786 3201 Robertus
828 3143 1314 3199 Cameracensium
1353 3145 1551 3198 electus
1592 3157 1630 3197 a
1669 3142 2033 3198 servientibus
2073 3141 2265 3197 Jacobi
2307 3143 2372 3196 de
2414 3140 2642 3199 Avesnis

526 3233 896 3302 ignominiose
929 3231 1083 3301 apud
1124 3230 1436 3286 Gondatum
1465 3232 1795 3299 perimitur.
1841 3229 1963 3285 Duo
2003 3229 2415 3284 Gameraeenses
2451 3230 2643 3284 arehi-

522 3323 753 3376 diaconi
777 3321 853 3375 ad
878 3323 1250 3391 episcopatum
1270 3334 1375 3390 per
1401 3322 1805 3375 contentionem
1831 3321 2139 3388 eliyuntur.
2172 3319 2412 3387 Roqerus
2439 3321 2647 3374 seilicet

523 3415 575 3466 et
610 3409 873 3466 Atardus.
915 3407 1021 3466 Sed
1056 3409 1258 3477 Roqero
1295 3423 1330 3461 a
1367 3408 1624 3479 Philippo
1661 3412 1855 3464 comite
1891 3407 2298 3463 Flandriarum
2334 3411 2384 3461 et
2424 3410 2648 3461 saniori

518 3503 683 3570 parte
700 3498 971 3561 abdicato,
994 3497 1241 3553 Alardus
1260 3498 1642 3553 substituitur.
1679 3498 1909 3567 Uterque
1935 3498 2310 3567 episcopatum
2326 3494 2646 3552 desiderans

527 3591 863 3644 transcensis
890 3588 1122 3659 Alpibus
1150 3590 1407 3642 eertatim
1435 3587 1510 3641 ad
1530 3589 1924 3656 imperatorem
1950 3587 2302 3640 Frederieum
2331 3587 2395 3640 in
2414 3586 2647 3640 Italiam

519 3676 723 3747 perqit.
763 3675 1075 3745 Imperator
1102 3677 1290 3746 itaque
1316 3676 1451 3730 visis
1471 3676 1725 3744 personis
1754 3674 2060 3744 auditaque
2087 3674 2308 3728 ratione
2333 3673 2638 3737 electionis,

524 3766 658 3818 visis
685 3765 857 3819 etiam
885 3765 1089 3819 litteris
1117 3763 1368 3833 Philippi
1395 3765 1614 3818 comitis
1636 3777 1742 3833 pro
1766 3763 1979 3817 Alardo
2009 3761 2347 3832 petentibus,
2393 3776 2644 3815 commu-

523 3853 712 3908 nicato
739 3867 870 3907 eum
897 3854 1158 3922 episeopis
1184 3854 1286 3921 qui
1312 3852 1394 3906 ibi
1420 3852 1658 3906 aderant
1682 3853 1932 3913 consitio,
1961 3853 2056 3906 itti
2079 3853 2452 3920 episcopatum
2470 3849 2641 3904 dedit.

542 3969 598 3984 -
624 3939 769 3997 Voir
795 3938 953 3999 aussi
982 3938 1037 3995 le
1065 3938 1350 3997 chanoine
1378 3938 1451 3996 de
1479 3937 1744 3995 Cambrai
1778 3940 1845 4009 (e.
1878 3938 1970 4010 21,
2001 3955 2057 4011 p.
2091 3937 2235 4012 509).

593 4028 647 4087 2.
690 4028 872 4086 Alani
898 4034 1137 4085 mourut
1163 4044 1238 4086 en
1268 4028 1405 4085 1177
1439 4026 1737 4101 (sigebert.
1785 4029 1992 4085 Chron.
2038 4028 2257 4084 Gontin.
2302 4029 2637 4097 Aquieinet..

526 4135 582 4192 p.
627 4118 775 4190 417),
821 4116 877 4175 le
920 4117 954 4175 6
1002 4115 1304 4175 decembre
1348 4119 1647 4189 (Neerotoq.
1692 4117 1752 4174 S.
1804 4118 2100 4187 Gauqerici
2149 4116 2456 4181 Gamerae„
2504 4117 2641 4173 ibid.

529 4223 590 4265 n.
620 4206 732 4275 26).
1323 4227 1349 4264 ο

600 4296 654 4353 3.
693 4300 987 4352 monstrat.
1018 4293 1181 4352 Dans
1208 4294 1263 4352 10
1288 4311 1398 4352 ms.
1433 4293 1748 4352 ιιι-(1000110
1776 4292 1848 4350 de
1876 4292 1933 4349 la
1958 4292 2133 4366 ligne.

600 4385 656 4442 4.
694 4384 809 4443 Sur
845 4383 903 4442 la
939 4381 1158 4441 rumille
1195 4382 1266 4440 de
1294 4376 1585 4458 Roger'de
1612 4381 1866 4439 Wevrin
1894 4398 1951 4438 V.
1991 4381 2074 4439 Le
2118 4381 2451 4456 Carpentier
2480 4382 2639 4452 (Hist.
