3558 5493
1336 557 1680 609 namur-m.
2508 555 2570 607 49

895 694 1281 766 Remorum
1315 688 1774 788 archipresuli

892 806 1295 882 nuntiantes
1330 803 1526 902 quod
1565 802 1882 880 Galoheri

893 921 1281 997 destructio
1316 919 1633 1020 episcopi

451 1040 599 1117 287
990 1037 1064 1111 in
1098 1045 1517 1135 promptum
1551 1043 1661 1109 est
1697 1034 1757 1109 si
1791 1038 2180 1108 Manassem

890 1153 1262 1228 benedicat
1297 1153 1369 1226 in
1406 1151 1792 1250 presulem.

889 1273 1066 1343 Nam
1101 1268 1161 1343 si
1197 1267 1335 1341 boo
1367 1267 1555 1358 facit,
1598 1266 1914 1341 debitam

888 1383 1022 1459 sibi
1058 1382 1533 1458 obedientiam

446 1502 594 1579 288
988 1523 1238 1574 omnes
1275 1498 1575 1573 clamant
1610 1495 2022 1596 impendere

888 1624 963 1689 61
997 1613 1414 1689 Galcherum
1450 1613 1852 1712 relinquere
1892 1640 1908 1685 ε

887 1729 1246 1828 spondent
1283 1728 1555 1803 servire
1590 1732 1907 1803 Manasse

888 1852 963 1921 et
999 1845 1341 1920 Galohero
1375 1844 1735 1919 resistere.

444 1963 591 2039 289
986 1964 1301 2050 Quorum
1335 1958 1626 2034 tandem
1661 1957 1952 2034 consilio

888 2075 968 2149 fit
1002 2073 1093 2148 ab
1129 2074 1662 2173 archiepiscopo

883 2214 1028 2264 non
1060 2198 1421 2289 spectante
1458 2189 1532 2264 in
1570 2189 1810 2264 futuro

882 2308 1196 2380 Manasse
1231 2304 1729 2379 consecratio¹.

519 2579 570 2635 1.
611 2577 773 2636 06116
802 2577 1195 2636 consecration
1225 2578 1381 2636 avait
1412 2577 1503 2635 616
1541 2577 1687 2635 fixee
1714 2592 1817 2651 par
1843 2575 2238 2650 l'archeveque
2268 2574 2564 2633 Manasses

442 2667 478 2724 6
515 2665 752 2726 l'octave
788 2667 861 2725 de
897 2667 953 2723 la
988 2666 1299 2725 Ρ66166616
1337 2667 1403 2738 (8
1434 2667 1564 2741 juin
1611 2666 1788 2733 1096)
1831 2669 1968 2738 (Rae.
2020 2669 2110 2723 des
2156 2667 2294 2722 Hist.
2337 2667 2402 2721 de
2442 2667 2558 2733 Fr„

444 2765 488 2814 t.
504 2755 642 2827 XV,
661 2774 714 2830 p.
738 2757 834 2814 181
853 2775 869 2825 ;
890 2758 1132 2813 Mamm.
1155 2758 1312 2813 arch.
1330 2758 1605 2813 Romen-sis
1623 2759 1781 2827 epist.
1803 2758 1878 2813 ad
1895 2757 2246 2813 lambertum
2265 2754 2561 2826 Atrebat.);

441 2844 590 2902 mais
618 2845 728 2903 6116
756 2844 845 2902 fut
872 2844 1103 2903 differes
1122 2845 1158 2902 6
1176 2861 1347 2904 cause
1376 2845 1448 2902 (16
1476 2844 1761 2903 l‘absence
1789 2844 1867 2901 du
1896 2852 2084 2903 comte
2109 2842 2181 2901 de
2207 2842 2476 2916 mandre,
2507 2850 2566 2900 61

442 2931 951 2991 l’administration
986 2932 1060 2991 (16
1096 2932 1315 3006 1’631166
1356 2932 1429 2989 (16
1466 2931 1733 2989 Cambrai
1772 2931 1863 2988 fut
1902 2931 2119 2990 6661166
2154 2948 2229 2989 66
2265 2930 2566 2989 attendant

442 3038 545 3095 par
571 3020 627 3078 16
652 3024 844 3079 meme
872 3021 1230 3095 archeveque
1266 3020 1301 3077 6
1338 3020 1595 3096 l'eveque
1622 3019 1858 3077 d'Arras
1889 3022 2069 3095 (Ibid.,
2109 3022 2368 3093 Eiusdem
2404 3022 2555 3090 epist.

440 3111 517 3166 ad
554 3114 766 3167 clerum
802 3116 855 3166 et
884 3115 1157 3183 populum
1185 3111 1510 3182 Camarum).
1560 3107 1724 3166 Nous
1764 3124 1842 3166 66
1888 3115 2165 3165 trouvons
2203 3124 2305 3182 pas
2346 3105 2563 3164 d'autre

441 3195 760 3256 indication
789 3214 1054 3272 expresse
1081 3215 1227 3272 pour
1254 3197 1312 3256 la
1339 3197 1470 3255 (1616
1497 3196 1569 3254 (16
1596 3197 1654 3255 16
1681 3196 2078 3256 consecration
2105 3196 2177 3255 (16
2206 3196 2463 3270 l’eveque
2490 3194 2563 3252 (16

440 3286 708 3344 Cambrai
737 3287 1049 3345 Manasses.
1083 3287 1240 3345 Pour
1264 3288 1324 3344 16
1347 3286 1713 3359 determinet,
1747 3303 1824 3343 66
1854 3287 2047 3344 moins
2074 3284 2561 3359 approximative-

440 3382 623 3448 ment,
655 3374 698 3432 11
728 3392 802 3433 66
829 3393 975 3434 nous
1004 3383 1153 3434 reste
1180 3393 1293 3451 que
1327 3376 1411 3434 les
1446 3375 1608 3433 dates
1649 3376 1749 3434 des
1789 3374 2073 3449 diplomes
2111 3390 2185 3431 66
2229 3372 2453 3430 chartes
2491 3373 2563 3429 (16

441 3462 716 3523 (16661166
744 3465 979 3523 emanas
1008 3466 1082 3524 (16
1108 3473 1199 3524 661
1226 3465 1462 3539 ovoque.
1492 3465 1657 3523 Nous
1681 3465 1921 3522 n'avons
1949 3480 2053 3537 pas
2082 3463 2116 3520 6
2144 3478 2294 3520 nous
2320 3477 2564 3535 occuper

440 3552 518 3609 ici
546 3552 645 3610 des
672 3553 813 3611 trois
840 3554 1145 3629 diplomes‚
1176 3571 1335 3611 assez
1366 3561 1625 3627 suspects
1653 3554 1731 3610 du
1760 3559 1930 3624 reste,
1960 3550 2065 3625 qui
2093 3556 2324 3624 portent
2349 3549 2407 3606 16
2430 3549 2563 3606 (1616

440 3639 512 3698 de
534 3640 672 3699 1095
696 3643 800 3710 (Le
820 3641 1173 3717 Carpentier‚
1196 3646 1339 3701 Hist.
1360 3645 1425 3699 de
1445 3644 1746 3713 Gambray,
1764 3641 1877 3698 IV«
1897 3647 2043 3715 part..
2072 3640 2366 3711 (Pr-envas),
2387 3655 2444 3713 p.
2471 3638 2559 3709 13,

439 3738 497 3788 61
524 3730 607 3789 Lo
634 3731 805 3807 Glay,
835 3734 1001 3792 Gloss.
1038 3741 1243 3807 topoqr.
1282 3736 1347 3790 de
1387 3737 1551 3791 l'anc.
1595 3733 1919 3800 cambresiS,
1961 3749 2019 3805 p.
2063 3729 2174 3802 21).
2217 3730 2328 3787 Les
2370 3735 2562 3786 autres

438 3825 573 3876 sont
598 3835 672 3876 66
700 3821 940 3880 nombre
967 3821 1039 3880 de
1066 3839 1229 3897 onze,
1259 3822 1403 3880 dont
1438 3821 1589 3880 voici
1632 3821 1688 3879 16
1729 3820 1864 3877 liste
1905 3835 2009 3894 par
2044 3818 2210 3876 ordre
2252 3817 2559 3876 chronolo-

434 3907 631 3982 gique,
660 3924 798 3967 avec
826 3909 883 3967 16
909 3911 1322 3987 transcription
1352 3910 1626 3969 textuelle
1653 3911 1755 3968 des
1783 3909 1944 3968 dates
1973 3907 2318 3982 respectives
2356 3927 2369 3963 :

514 4007 563 4062 1.
600 4006 758 4066 1096.
788 4005 882 4065 En
908 4008 1110 4068 favour
1137 4010 1208 4068 de
1234 4010 1497 4085 l’abbaye
1522 4009 1594 4067 (16
1624 4009 1989 4067 Grammont.
2014 4009 2124 4064 Hoc
2139 4013 2327 4064 autem
2346 4006 2560 4075 factum

437 4101 517 4151 ost
577 4111 729 4153 anno
792 4098 1113 4157 Dominicao
1175 4102 1592 4158 [noar-nationis
1655 4102 1953 4156 millesimo
2008 4100 2360 4169 nomaesimo
2414 4099 2560 4150 sea-to

436 4183 741 4259 (Miracus,
772 4186 868 4258 Op.
900 4189 1062 4258 dipl„
1095 4194 1138 4245 t.
1170 4186 1220 4260 Ι,
1250 4205 1308 4263 p.
1345 4190 1488 4262 165),

509 4282 562 4342 2.
605 4282 764 4343 1097.
795 4282 887 4342 En
914 4285 1114 4345 favour
1139 4285 1210 4345 (16
1239 4286 1501 4362 l'abbaye
1528 4285 1600 4345 (16
1626 4284 2064 4347 Saint-Aubert.
2109 4283 2310 4426 ,461626
2347 4283 2445 4338 hoc
2480 4287 2558 4336 est
