3558 5493
1322 622 1660 675 (umnam.
2493 629 2549 681 ⁷1

436 757 581 831 408
973 754 1468 830 tantummodo
1504 755 1564 829 si
1600 757 1982 831 terminum

876 878 1207 968 expectat
1241 870 1497 969 inquo
1533 871 1915 947 Henricum

878 1008 1123 1083 regem
1156 985 1384 1058 facere
1419 984 1730 1061 reditum

876 1101 990 1175 hic
1022 1101 1114 1176 ad
1151 1125 1285 1176 nos
1320 1108 1427 1175 est
1465 1101 1857 1199 pollicitum
1900 1130 1917 1177 ε

436 1219 581 1293 409
976 1225 1049 1291 et
1084 1218 1221 1291 hoc
1256 1216 1390 1292 sibi
1421 1218 1813 1293 concedere

880 1341 1189 1432 querunt
1222 1333 1315 1409 ab
1351 1334 1511 1434 ipso
1549 1335 1810 1411 comite

879 1458 959 1525 ut
993 1449 1200 1525 liceat
1233 1474 1399 1525 cum
1434 1476 1702 1542 cesare,

877 1566 938 1640 si
973 1565 1186 1655 redit,
1229 1592 1393 1642 eum
1429 1566 1695 1643 ledere.

438 1680 519 1754 Μ
539 1685 583 1754 Ο
975 1680 1115 1756 Sed
1151 1680 1499 1755 terminus
1531 1682 1594 1757 si
1629 1691 1944 1757 transeat

876 1820 1022 1895 quo
1058 1820 1189 1870 rex
1224 1795 1381 1895 ipse
1416 1821 1560 1871 non
1597 1797 1862 1886 veniat,

882 1936 1053 1986 mox
1090 1911 1343 1987 urbem
1378 1912 1560 1987 hanc
1591 1913 1889 2013 recipiat

876 2037 1089 2126 atque
1127 2036 1458 2125 potenter
1492 2037 1755 2104 teneat.

442 2143 570 2218 44⁴
979 2142 1052 2218 Si
1086 2143 1283 2218 venit
1318 2153 1392 2219 et
1428 2145 1834 2245 regreditur

884 2267 958 2334 et
990 2259 1155 2334 urbi
1191 2284 1339 2335 non
1374 2256 1767 2359 imponitur

884 2398 1260 2450 succursus
1296 2375 1388 2450 de
1422 2374 1762 2453 militibus

885 2491 1008 2590 qui
1045 2491 1301 2565 fortior
1336 2491 1429 2566 sit
1464 2492 1764 2582 civibus,

444 2606 589 2684 4⁴2
979 2604 1236 2680 urbem
1270 2613 1344 2681 et
1378 2606 1575 2706 ipsos
1610 2607 1871 2684 milites

883 2720 1168 2797 tradent
1205 2720 1342 2796 sibi
1376 2723 1570 2822 preci
1572 2722 1795 2823 pites¹

886 2846 959 2913 et
995 2847 1162 2937 post
1194 2838 1328 2913 hec
1363 2838 1498 2912 sibi
1529 2839 1776 2914 fideles

887 2963 1098 3030 erunt
1132 2962 1212 3028 ut
1247 2953 1355 3029 sui
1390 2952 1742 3029 homines,

448 3071 529 3146 44
548 3076 591 3146 3
985 3068 1289 3160 Quesitis
1325 3094 1565 3144 comes
1601 3072 1846 3146 annuit

887 3198 960 3261 et
991 3186 1260 3262 trevias
1293 3186 1636 3286 imposuit

888 3327 1118 3402 usque
1153 3301 1245 3376 ad
1282 3302 1515 3377 natale
1548 3303 1674 3378 Dei

886 3416 1249 3518 genitricis
1283 3417 1355 3492 in
1391 3418 1848 3518 septembri-2.

450 3535 532 3609 44
547 3536 595 3610 4
987 3533 1094 3609 Ob
1129 3533 1263 3608 hec
1298 3534 1718 3633 complenda
1755 3535 1991 3610 omnia

890 3649 1052 3724 hinc
1087 3651 1267 3724 facta
1303 3658 1415 3725 est
1450 3649 1701 3724 fidutia

889 3765 1222 3864 utrinque
1255 3765 1400 3842 fide
1433 3764 1693 3841 tradita

891 3883 962 3957 in
996 3882 1276 3957 comitis
1310 3882 1694 3980 presentia.

529 4185 579 4240 1.
615 4186 927 4255 precipites.
962 4182 1042 4241 Ils
1070 4183 1153 4241 lui
1181 4183 1518 4242 livreraient
1543 4186 1778 4242 aussitat
1804 4185 1862 4242 la
1887 4183 2023 4241 ville
2054 4191 2114 4242 et
2148 4184 2233 4241 les
2260 4181 2575 4242 chevaliers

458 4271 559 4346 qui
588 4290 626 4345 y
652 4274 917 4330 auraient
943 4272 1034 4330 ete
1062 4275 1175 4330 mis
1205 4290 1281 4331 en
1306 4274 1601 4346 garnison.

528 4369 582 4427 2.
622 4369 996 4430 &est-adire
1019 4371 1287 4446 jusqu'au
1317 4373 1351 4429 8
1380 4370 1701 4445 septembre
1728 4370 1802 4429 de
1830 4377 1979 4429 cette
2005 4369 2192 4428 annee
2222 4370 2378 4427 1102.
