3558 5493
942 604 1004 655 58
1897 599 2102 653 ema

939 857 1063 922 De
1102 853 1303 938 ruga
1335 853 1734 921 masse
1779 853 1869 921 et
1904 852 2377 935 receptione
2417 852 2804 924 Galcherl
2837 855 3057 924 iun-a

1839 962 2149 1028 urbem.

944 1182 1085 1253 338
1476 1177 1605 1253 Hic
1637 1200 1813 1278 ergo
1848 1177 2023 1253 dum
2059 1177 2162 1253 sic
2196 1178 2432 1279 aginu-

1379 1294 1567 1368 fama
1603 1294 1911 1392 sparsim
1945 1294 2354 1369 extenditur
2520 1360 2527 1367 .

1379 1408 1576 1506 quod
1611 1432 1776 1482 cum
1812 1409 2004 1509 regis
2036 1409 2480 1508 principibus

1379 1523 1760 1599 Galcherus
1788 1524 1937 1625 jam
1973 1525 2403 1624 regreditur.

945 1645 1085 1716 339
1478 1641 1681 1732 Quod
1715 1649 1794 1716 ut
1831 1639 2101 1715 audivit
2134 1646 2488 1717 Manasses

1379 1756 1528 1831 exit
1561 1755 1819 1831 urbem
1852 1756 2195 1831 velociter

1381 1880 1457 1947 et
1489 1871 1870 1948 Galcherus
1906 1880 2238 1969 receptus
2272 1880 2383 1946 est

1380 1995 1454 2062 et
1486 1987 1931 2088 Letharingi¹
1974 1987 2333 2087 principes

945 2103 1087 2180 340
1225 2180 1230 2185 ,
1480 2104 1599 2202 qui
1638 2104 1752 2179 hic
1786 2129 1828 2177 a
1864 2126 2036 2203 rege
2072 2102 2375 2179 Hem-ico

1378 2218 1775 2294 transmissi
1814 2227 2017 2294 erant
2054 2218 2216 2294 ideo

1380 2343 1462 2410 ut
1497 2334 2021 2435 perprobmnt
2052 2332 2418 2432 quomodo

1380 2476 1511 2526 suo
1548 2460 1752 2526 erant
1785 2450 2126 2550 episcopo

947 2565 1075 2641 34⁴
1484 2565 1825 2643 Galchero
1860 2568 2428 2654 cameracenses,

1385 2683 1509 2782 qui
1549 2681 1863 2783 maligni,
1907 2681 2030 2781 qui
2067 2681 2341 2771 fideles,

1384 2798 1596 2898 quive
1632 2798 1767 2873 sibi
1804 2805 2286 2898 repugnantes

1382 2922 1458 2990 et
1491 2913 1617 3012 qui
1653 2912 1882 3014 magis
1917 2911 2257 2987 amabiles

949 3030 1094 3106 342
1484 3035 1909 3128 Preceptum
1944 3028 2078 3104 fuit
2111 3027 2441 3104 ominbus

1386 3173 1428 3220 a
1462 3146 1711 3247 legatis
1747 3143 2106 3245 regalibus

1386 3270 1467 3335 ut
1501 3261 1624 3358 qui
1660 3261 1727 3335 ei
1764 3283 1909 3334 non
1947 3260 2349 3336 subduntur

1385 3402 1522 3477 pro
1559 3375 1883 3451 hostibus
1918 3374 2334 3450 habeantur.

953 3494 1094 3568 343
1486 3490 1682 3567 Istud
1718 3490 2032 3566 edictum
2067 3491 2342 3567 Cesar-is

1389 3632 1553 3683 cum
1590 3606 1876 3682 auditur
1913 3633 1955 3681 a
1990 3606 2291 3695 clericis,

1390 3724 1503 3798 hic
1538 3732 2030 3798 remanserunt
2065 3722 2182 3798 alii

1391 3863 1469 3913 se
1506 3839 2009 3913 subtraxerunt
2045 3837 2273 3911 alteri.

958 3954 1102 4031 344
1491 3953 1620 4029 Hic
1654 3979 1828 4055 ergo
1864 3954 2381 4028 remanentium

1397 4070 1635 4168 presul
1673 4070 2053 4146 Galcherus
2089 4069 2408 4144 omnium

1033 4341 1082 4395 1.
1125 4339 1324 4412 Comp.
1357 4341 1767 4406 Introduction,
1801 4354 1964 4396 num.
1996 4337 2085 4395 23.
