3558 5493
993 582 1055 636 38
1955 576 2160 628 GESTA

994 717 1123 793 211
1529 716 1724 786 Tunc
1758 733 2129 784 causarum
2161 711 2531 811 utriusque

1432 827 1766 903 exaudito
1802 825 2189 900 certamine

1422 944 1626 1044 jubet
1661 941 1987 1019 Urbanus
2020 940 2256 1016 facere

1420 1058 1769 1160 judicium
1805 1056 2167 1132 canonice.

990 1181 1137 1257 212
1530 1174 1669 1250 Sed
1702 1173 2083 1250 Galchcrus
2118 1198 2210 1249 ne
2242 1173 2508 1249 mdito

1429 1291 1554 1364 fiat
1582 1289 2007 1385 abjudicatio

1431 1406 1652 1482 exivit
1687 1403 1777 1479 de
1812 1403 2106 1479 concilio

1427 1520 1613 1594 facto
1647 1517 1969 1593 nondum
1993 1517 2288 1617 judicio.

988 1643 1133 1715 213
1526 1635 1639 1710 Sic
1676 1660 1862 1733 papa
1897 1658 2029 1732 per
2050 1632 2397 1734 judicium

1427 1749 1930 1850 quorumdam,
1973 1775 2116 1823 non
2150 1774 2285 1848 per
2320 1749 2665 1839 omnium,

1422 1872 1814 1943 Manassem
1849 1889 2069 1965 super
2104 1865 2523 1941 Galcherum

1424 1982 1731 2057 restituit
1766 1990 1846 2056 ut
1880 1982 2215 2056 electum¹
2231 2039 2246 2055 .

983 2205 1209 2265 celui-ci
1238 2204 1397 2263 avait
1432 2203 1659 2278 trompe
1696 2220 1790 2261 ses
1824 2203 2255 2262 consecrateuoe
2292 2219 2368 2262 en
2403 2203 2743 2278 produisant
2773 2204 2846 2263 de
2883 2205 3106 2264 fausses

981 2293 1178 2352 lettres
1206 2293 1285 2351 du
1314 2308 1479 2367 pape.

1054 2385 1105 2439 1.
1146 2381 1563 2456 Rapprochons
1590 2380 1664 2440 de
1692 2399 1758 2441 ce
1795 2382 1938 2440 tecit
1974 2380 2284 2456 passionne
2324 2381 2474 2440 celui
2513 2381 2590 2439 du
2621 2383 2777 2442 Gesta
2805 2384 3098 2451 Lamberti,

979 2480 1038 2530 et
1065 2477 1293 2530 sui-tout
1317 2470 1469 2529 celui
1497 2470 1635 2529 d'un
1662 2478 1826 2530 autre
1854 2470 2110 2546 partisan
2130 2470 2203 2530 de
2222 2471 2511 2545 Gaucher,
2542 2471 2643 2547 qui
2672 2470 2868 2531 l’avait
2883 2487 3102 2530 accom-

980 2564 1165 2635 pagne
1203 2560 1238 2617 ὲ
1278 2559 1603 2635 clermont,
1652 2559 2006 2619 c’est-a-dire
2048 2560 2123 2618 de
2164 2560 2410 2618 l’auteur
2448 2561 2520 2619 de
2559 2560 2616 2620 la
2656 2560 2990 2637 chronique
3028 2561 3103 2620 de

980 2648 1402 2708 saint-Andre.
1435 2649 1518 2707 Le
1547 2650 1797 2723 premier
1822 2650 1908 2708 dit
1934 2650 2339 2724 simplement:
2370 2653 2654 2723 Depo-situs
2680 2657 2758 2708 est
2784 2653 3103 2723 ibijudicio

979 2742 1206 2799 concilii
1252 2739 1619 2798 Gualcherius
1665 2739 2073 2797 Cameracensis
2121 2742 2399 2813 episcopus
2453 2741 2523 2797 ab
2577 2744 2734 2798 omni
2774 2743 3103 2799 sacerdotali

977 2835 1142 2901 atque
1169 2832 1465 2901 episcopali
1491 2830 1698 2899 officio,-
1738 2836 1792 2886 et
1826 2833 1879 2886 si
1914 2834 2157 2887 ulterius
2183 2830 2423 2901 quolibet
2449 2832 2606 2886 modo
2633 2832 2810 2888 sedem
2837 2831 3100 2889 Gamera-

975 2935 1185 2976 censem
1230 2923 1547 2989 occuparet,
1592 2922 1817 2975 vinculo
1864 2920 2243 2976 anathematis
2282 2925 2398 2975 tam
2425 2921 2540 2990 ipse
2565 2935 2738 2991 quam
2764 2921 3009 2990 fautores
3047 2927 3100 2976 et

972 3009 1253 3079 adiutores
1293 3010 1389 3063 sui
1424 3009 1703 3064 innodati.
1746 3009 2023 3065 Manasses
2060 3014 2250 3065 autem
2288 3014 2511 3065 sanctae
2541 3010 2816 3068 Remensis
2850 3011 3100 3066 ecclesiae

972 3097 1419 3165 archidiaconus,
1453 3101 1548 3153 cui
1574 3099 1900 3169 praedictus
1929 3098 2297 3154 Gualcherius
2325 3101 2640 3154 electionem
2667 3104 2717 3154 et
2744 3101 3099 3169 episcopalem

975 3184 1384 3242 Cameracensis
1412 3188 1663 3242 ecclesiae
1692 3186 2118 3241 benedictionem
2146 3191 2432 3257 surripuit
2451 3202 2555 3258 per
2572 3190 2916 3244 invasionem
2933 3193 2984 3244 et
2995 3204 3099 3259 per

972 3289 1211 3330 manum
1250 3275 1484 3331 Henrici
1521 3276 1989 3330 excommunicati
2025 3275 2410 3345 Imperatoris,
2456 3277 2804 3347 adiudicavit
2837 3282 3098 3333 sanctum

971 3359 1273 3419 concilium
1300 3368 1366 3418 ut
1393 3365 1460 3418 in
1479 3362 1863 3419 cameracensi
1883 3365 2106 3434 ecclesia
2124 3364 2400 3421 Nanassos
2428 3365 2795 3421 ordinaretur
2819 3369 3096 3436 episcopus

969 3448 1128 3522 (aest.
1161 3451 1464 3519 Lamberti,
1509 3466 1565 3523 p.
1599 3449 1743 3521 755).
1788 3450 1950 3507 Dans
1978 3449 2035 3506 la
2061 3448 2302 3509 relation
2331 3452 2408 3509 du
2437 3453 2648 3510 second
2664 3495 2680 3525 ‚
2726 3468 2803 3510 on
2827 3441 3095 3512 retrouve

968 3554 1042 3595 en
1070 3536 1374 3597 substance
1401 3537 1459 3595 la
1484 3538 1781 3596 narration
1808 3537 1880 3595 de
1907 3546 2072 3597 notre
2100 3555 2419 3614 anonyme,
2461 3541 2593 3597 sauf
2616 3541 2698 3599 les
2726 3542 3090 3601 accusations

967 3624 1040 3683 de
1067 3626 1316 3685 simonie
1343 3634 1541 3686 contre
1570 3626 1795 3686 Urbain
1825 3628 1884 3685 II
1912 3636 1971 3685 et
2006 3627 2091 3686 les
2132 3636 2325 3687 autres
2366 3630 2910 3689 invraisemblances
2952 3630 3096 3689 dont

967 3713 1197 3773 celui-ci
1224 3713 1299 3773 l’a
1324 3715 1604 3775 emaillee.
1641 3711 1896 3774 Urbanus
1919 3734 2097 3790 papa,
2132 3718 2314 3790 dit-il,
2343 3736 2381 3776 a
2408 3723 2578 3779 Roma
2605 3724 2671 3777 in
2698 3721 2911 3779 Gallias
2935 3723 3093 3778 deve-

967 3806 1145 3869 niens,
1163 3818 1316 3860 anno
1333 3806 1434 3882 Dei
1452 3805 1666 3862 Christi
1696 3805 1857 3879 1095,
1882 3808 2035 3877 apud
2052 3808 2454 3864 Arvernensem
2472 3809 2685 3876 urbem,
2708 3819 2850 3880 quae
2867 3814 2946 3865 est
2962 3810 3093 3866 Gla-

965 3907 1225 3947 rusmons
1240 3935 1257 3958 ,
1310 3896 1611 3949 concilium
1651 3897 1984 3950 innumerae
2030 3897 2421 3952 multitudinis
2457 3899 2779 3966 ayyreqavit
2785 3939 2892 3955 .....
2939 3898 3094 3954 Tunc

964 3982 1244 4037 Manasses
1263 3985 1418 4037 stans
1446 3985 1509 4037 in
1539 3983 1717 4038 medio
1745 3986 2041 4039 clamorem
2060 3986 2191 4053 fecit
2218 3985 2282 4039 de
2304 3986 2504 4041 domno
2543 3986 2821 4042 Walchero
2839 3988 3095 4042 electioni

963 4083 1096 4124 suae
1126 4072 1334 4140 injuste
1360 4071 1796 4138 subintroducto,
1837 4074 2206 4142 episcopatum
2232 4074 2486 4130 videlicet
2513 4073 2955 4130 cameracensem
2981 4076 3095 4130 sibi

962 4160 1251 4215 invasione
1276 4159 1593 4215 detestanda
1622 4167 1956 4230 usurpante,
2002 4167 2055 4217 et
2080 4168 2147 4218 ut
2173 4178 2288 4218 uno
2314 4165 2475 4218 verbo
2503 4167 2621 4234 ejus
2650 4169 2802 4230 utar,
2850 4161 3093 4221 intrusit

965 4261 1048 4319 se,
1064 4249 1277 4320 inquit,
1298 4246 1361 4304 in
1375 4262 1570 4305 meam
1586 4248 1946 4308 electionem.
1972 4252 2159 4307 Finito
2178 4256 2418 4308 clamore
2437 4259 2487 4308 et
2519 4256 2791 4311 walcheri
2807 4255 2957 4310 dicta
2976 4269 3086 4311 res·

960 4339 1242 4404 pensione,
1274 4338 1551 4393 admirati
1563 4340 1784 4409 judices
1815 4342 2037 4396 tandem
2063 4343 2239 4397 simul
2267 4344 2334 4397 in
2361 4342 2460 4398 hoc
2487 4345 2874 4401 concordantes
2892 4351 3088 4415 ρνοτα-
