3558 5493
864 570 871 578 ›
932 551 1019 603 180
1883 553 2087 607 unsri

1362 685 1547 759 vinci
1580 710 1714 784 per
1746 688 2160 784 patientiam
2202 718 2219 763 :

1362 823 1527 874 nam
1563 800 1686 898 qui
1722 803 1985 878 exaltat
2018 804 2355 881 humilem

1360 915 1635 1016 franget
1672 917 1824 1017 ejus
1861 919 2337 1019 superbiam¹.

968 1029 1064 1104 48
1456 1035 1545 1106 Ut
1581 1033 1926 1131 scriptum
1962 1042 2097 1125 est,
2140 1044 2305 1111 sunt
2340 1038 2578 1114 omnia

1355 1146 1672 1221 credenti
1703 1147 2138 1247 possibilia2,

1357 1262 1417 1336 si
1454 1263 1527 1336 in
1559 1268 1706 1338 Deo
1742 1263 1879 1338 sibi
1914 1290 2086 1340 vera

1354 1377 1446 1452 sit
1480 1361 1648 1476 spes
1682 1387 1895 1477 atque
1931 1380 2206 1456 fidutia.

963 1488 1060 1562 49
1452 1491 1778 1567 Credenti
1819 1498 2006 1569 Deus
2041 1496 2370 1575 subvenit
2415 1526 2432 1572 ε

1357 1630 1523 1681 nam
1555 1607 1672 1682 die
1707 1608 2018 1708 quadam
2051 1611 2306 1688 accidit

1354 1722 1550 1821 quod
1585 1724 1943 1800 Gerar-dus
1977 1728 2097 1825 qui
2137 1730 2458 1830 superbit

1353 1836 1427 1911 in
1465 1862 1715 1915 manus
1752 1866 1917 1916 suas
1952 1845 2246 1919 counit.

967 1952 1060 2022 50
1451 1958 1693 2052 Itaque
1728 1980 1866 2054 pro
1901 1956 2243 2034 miraculo

1354 2065 1707 2143 universis
1741 2069 2027 2145 notifico

1356 2183 1714 2258 Gerardus
1748 2184 1841 2259 ab
1879 2185 2219 2285 episeopo

1354 2320 1499 2394 quo
1533 2307 1783 2405 captus
1818 2308 1929 2374 est
1965 2299 2299 2378 fortunio.

1564 2532 1690 2599 De
1734 2533 2117 2615 captione
2164 2537 2373 2621 ejus.

967 2732 1047 2803 5⁴
1451 2730 1560 2807 Ad
1596 2732 2007 2810 Thumium³
2044 2738 2287 2837 presul
2323 2751 2477 2816 erat

1353 2870 1518 2921 eum
1549 2848 1908 2926 Gerardus
1943 2854 2318 2931 transierat
2360 2884 2376 2930 ε

1352 2961 1464 3037 eui
1502 2962 1693 3061 loqui
1731 2964 2161 3066 despexerat

1351 3099 1485 3150 nee
1518 3077 1950 3155 conductum
1986 3083 2367 3179 quesierat.

966 3190 1061 3266 52
1450 3192 1579 3282 Qui
1615 3193 1858 3269 audito
1894 3197 2082 3272 hunc
2116 3199 2506 3298 superbum

1352 3305 1455 3380 sie
1486 3309 1827 3384 transisse
1862 3336 1996 3409 per
2026 3313 2399 3409 Thumium

1353 3420 1622 3497 nullum
1658 3425 2031 3522 requirens
2067 3430 2364 3519 socium,

1352 3537 1645 3612 Gerardi
1682 3550 1958 3638 spectat
1992 3544 2330 3619 reditum.

965 3651 1057 3720 53
1447 3656 1856 3730 Revertenti
1892 3657 1982 3732 ad
2014 3684 2393 3759 vesperam

1348 3765 1484 3841 sibi
1517 3771 1760 3866 presul
1799 3782 1939 3849 stat
1974 3774 2263 3850 obviam

983 4011 1035 4067 ι.
1077 3968 1281 4085 camp.
1310 4015 1470 4071 prov.
1501 4014 1742 4092 xxm,
1772 4020 1874 4091 233
1906 4021 2046 4082 Luc.
2078 4023 2251 4099 xlv,
2285 4025 2374 4100 11,
2404 4033 2515 4087 etc.

980 4095 1034 4153 2.
1077 4097 1254 4156 Marc.
1284 4098 1400 4174 lx,
1429 4100 1520 4160 22.

981 4184 1033 4243 3.
1081 4178 1532 4262 Thau-l'Eveque.
1564 4190 1644 4251 Ge
1670 4193 1913 4254 chateau
1941 4196 2052 4256 fort
2077 4198 2232 4256 avait
2258 4200 2348 4259 ete
2375 4202 2656 4262 eonstruit
2673 4219 2775 4278 par
2791 4203 3023 4264 Nicolas

910 4271 1213 4334 lui-meme
1245 4276 1480 4350 (Canon.
1512 4279 1829 4359 Gamerae„
1860 4302 1908 4343 c.
1941 4287 2033 4359 20,
2065 4304 2122 4361 p.
2155 4289 2298 4362 508).
