3558 5493
1442 586 1783 640 Gssaflml.

1095 717 1224 794 sed
1256 726 1636 817 antequam
1669 717 1763 792 sit
1795 724 2121 792 mortuus

996 838 1081 910 fit
1116 836 1289 911 ultio
1323 834 1415 910 de
1448 833 1798 922 hostibus,

1096 950 1186 1026 de
1221 949 1333 1024 his
1367 949 1491 1048 qui
1524 973 1689 1025 eum
1725 947 2050 1037 oderant,

994 1066 1117 1167 qui
1152 1090 1318 1142 eum
1353 1065 1860 1197 deposuerant,

1095 1182 1219 1281 qui
1254 1181 1482 1282 magis
1516 1180 1670 1281 ejus
1702 1179 1909 1278 operi

996 1321 1283 1397 semper
1316 1304 1520 1372 erant
1555 1293 1919 1370 conti-arii.

1093 1418 1269 1488 Nam
1301 1413 1718 1511 priusquam
1753 1394 2126 1498 moriatur,

996 1552 1247 1603 omnes
1282 1527 1380 1602 illi
1414 1528 1820 1602 moriuntur

1094 1668 1404 1742 quorum
1438 1642 1641 1718 labor
1675 1641 2034 1741 quesierat

997 1759 1191 1857 quod
1226 1759 1594 1834 honoremv
1613 1757 1975 1831 amiserat.

1094 1874 1251 1949 Suis
1283 1898 1458 1975 ergo
1494 1872 1843 1947 malivolis

995 1989 1233 2064 divina
1269 1997 1507 2088 strage
1541 1985 1872 2076 mortuis,

1095 2105 1334 2180 dixit.
1377 2105 1555 2180 Ecce
1577 2107 1735 2202 jam
1768 2102 2118 2188 vindicor,
2112 2125 2129 2142 ·

997 2224 1062 2296 si
1097 2245 1217 2319 eqo
1255 2245 1343 2296 ex
1365 2243 1559 2294 nuno
1591 2221 1874 2307 morior,

1093 2336 1318 2411 duleis
1351 2334 1524 2409 mihi
1558 2357 1740 2409 mors
1778 2334 2030 2422 aderit,

997 2461 1278 2526 mortem
1310 2451 1461 2526 volo
1497 2474 1650 2526 oum
1685 2451 1948 2524 venerit
1986 2471 2014 2521 .·

1092 2590 1169 2641 eo
1202 2567 1378 2664 quod
1413 2568 1642 2640 vivum
1677 2564 2008 2639 Dominus

997 2705 1104 2757 me
1140 2682 1331 2757 ultus
1366 2691 1471 2757 est
1504 2682 1590 2757 de
1628 2680 1962 2756 hostibus.

1092 2802 1193 2873 De
1231 2798 1392 2872 hinc
1427 2797 1561 2872 sub
1600 2796 1801 2870 brevi
1838 2794 2142 2870 termino

995 2921 1239 2987 sancto
1275 2913 1499 2987 fretus
1534 2910 1826 2987 oonsilio

1093 3052 1170 3102 se
1206 3027 1296 3102 ad
1329 3031 1662 3103 Sanctum
1695 3025 2106 3103 Nicholaum

1001 3142 1091 3217 de
1130 3143 1318 3217 Silva
1354 3141 1592 3216 reddit
1623 3140 2075 3216 monachum.

1090 3257 1191 3333 Ibi
1225 3283 1399 3333 vero
1434 3257 1765 3356 penituit,

991 3381 1189 3448 actus
1224 3398 1488 3471 pravos
1525 3372 1872 3472 corripuit

1088 3488 1373 3590 egitque
1409 3488 1869 3587 penitentiam

992 3603 1086 3678 ob
1123 3603 1541 3679 delictorum
1578 3604 1883 3678 veniam.

1088 3719 1218 3810 Qui
1256 3728 1542 3819 sumpto
1579 3717 1832 3796 Christi
1870 3741 2171 3817 corpore

993 3844 1230 3910 sancta
1266 3835 1336 3910 in
1375 3833 1813 3909 confessione

2581 583 2670 638 1⁰7

552 4125 820 4200 precedes
849 4125 992 4184 dans
1020 4125 1076 4182 la
1100 4126 1234 4185 lists
1262 4126 1364 4185 des
1384 4127 1709 4202 signatums
1726 4126 1800 4186 de
1819 4126 1969 4185 celui
1989 4127 2061 4185 de
2081 4127 2386 4186 Gaueher:
2418 4127 2477 4185 S.
2499 4125 2665 4182 Gual-
2738 4194 2744 4200 φ

554 4219 661 4271 tora·
711 4216 1098 4272 archidiaconi
1146 4214 1456 4288 (Duvivier,
1511 4216 1830 4273 Rooherohes
1884 4232 1986 4272 sur
2033 4220 2082 4272 le
2127 4216 2380 4271 Hainaut
2434 4214 2655 4278 ancien,

554 4320 612 4378 p.
644 4303 790 4376 527).
