3558 5493
1018 596 1079 646 52
1976 592 2181 645 GBSTA

1453 727 1772 827 ejusdem
1808 726 2366 826 consanguineus

1454 843 1769 943 presulis·
1791 851 1865 917 et
1899 842 2012 916 vir
2046 842 2282 942 ligius.

1016 961 1160 1035 295
1552 958 1691 1034 Sed
1727 967 1963 1032 tamen
2003 957 2138 1032 sibi
2173 956 2473 1056 proinde

1455 1073 1679 1148 noluit
1714 1072 1956 1172 presul
1991 1098 2314 1171 parcere,

1453 1190 1633 1263 hanc
1666 1199 1936 1264 terram
1969 1189 2216 1263 volens
2251 1189 2534 1264 mittere

1451 1314 1527 1378 et
1561 1304 1714 1404 paci
1753 1313 1827 1379 et
1861 1303 2306 1378 concordiae.

1014 1422 1158 1498 296
1549 1419 1726 1494 Illud
1764 1420 2027 1494 etenim
2061 1419 2422 1494 castellum

1452 1536 1544 1611 ad
1580 1535 1972 1634 dampnum
2008 1544 2164 1610 erat
2197 1535 2517 1610 omnium

1450 1650 1880 1725 rusticorum
1917 1658 1990 1725 et
2025 1650 2286 1724 civium

1451 1765 1583 1840 sibi
1621 1765 2349 1841 circummanentium.

1015 1883 1159 1958 297
1551 1879 1685 1956 Ubi
1719 1879 1990 1954 tamdiu
2022 1879 2332 1977 perstitit

1451 2004 1525 2068 et
1559 2003 1705 2069 tam
1742 1995 1950 2095 longe
1985 1995 2429 2093 pernoctavit

1451 2110 1680 2185 donec
1715 2109 1810 2184 illi
1848 2109 2209 2210 subjugari

1451 2234 1526 2301 et
1560 2226 1670 2300 vis
1705 2235 1779 2301 et
1812 2226 2035 2300 fames
2070 2226 2327 2326 arguit.

1013 2346 1158 2421 298
1550 2341 1752 2432 Quod
1789 2342 1862 2415 vi
1898 2351 1970 2418 et
2005 2343 2188 2416 fame
2225 2341 2585 2416 redditum

1452 2458 1844 2556 prostravit
1873 2458 1964 2533 ad
2001 2467 2267 2532 terram
2303 2466 2572 2546 totum;

1452 2572 1676 2672 captis
1713 2573 1911 2648 dedit
1945 2574 2316 2648 arbitrium

1450 2687 1734 2764 vivendi
1775 2697 2074 2789 propter
2108 2688 2512 2765 Dominum.

1013 2805 1155 2879 299
1548 2805 1940 2879 Prostravit
1973 2804 2116 2880 duo
2153 2805 2310 2879 alia.

1451 2920 1691 3018 presul
1727 2921 2110 2997 Galcherus
2144 2919 2435 3019 oppida,

1451 3037 1819 3137 Buzegniis
1855 3046 1929 3112 et
1962 3036 2250 3113 Buzeias

1450 3152 1909 3249 pecuniarum
1942 3152 2207 3226 lancea.

1015 3270 1155 3344 300
1547 3268 1911 3342 Destruxit
1945 3267 2135 3341 enim
2169 3267 2406 3341 omnia

1450 3405 1643 3470 rura,
1687 3406 1887 3456 casas
1918 3365 1993 3455 et
2025 3380 2291 3480 oppida

1449 3495 1612 3568 huic
1647 3505 1881 3570 terrae
1919 3496 2243 3570 nocentia

1450 3618 1571 3684 aut
1605 3635 1739 3710 per
1771 3611 1921 3685 vim
1956 3619 2076 3686 aut
2111 3637 2245 3710 per
2279 3634 2598 3685 munera.

1016 3728 1142 3799 301
1545 3726 1779 3801 Placet
1814 3729 2117 3803 multum
2152 3728 2530 3827 episcopus

1451 3850 1524 3916 et
1558 3844 1833 3943 magnis
1868 3852 1942 3917 et
1975 3843 2369 3918 minoribus

1449 3958 1541 4033 de
1576 3967 1683 4033 tot
1718 3967 2118 4034 castrorum
2153 3958 2433 4035 casibus

1013 4148 1071 4206 la
1109 4148 1432 4223 seigneurie
1470 4149 1525 4208 d'
1528 4151 1794 4211 Avesnes
1833 4153 1975 4213 dont
2020 4153 2061 4211 il
2102 4160 2264 4228 porta
2304 4153 2507 4227 depuis
2547 4152 2602 4210 le
2642 4167 2781 4210 nom
2825 4148 3124 4226 (Balduin.

1012 4234 1256 4308 Avesn„
1304 4253 1360 4311 p.
1410 4237 1533 4296 291.
1564 4269 1638 4282 -
1663 4239 1862 4315 Comp.
1912 4241 2216 4300 Gislebert.
2267 4240 2472 4312 Mont„
2523 4258 2577 4314 p.
2629 4240 2759 4312 501,
2810 4237 3118 4310 Michaux‚

1014 4322 1214 4380 Chron.
1248 4326 1377 4382 hist.
1408 4328 1497 4384 des
1524 4330 1807 4397 seiyneurs
1835 4330 2160 4396 α’,Αευοεηεε
2194 4346 2248 4403 p.
2284 4329 2351 4385 17
2381 4330 2552 4403 sqq..)
