3558 5493
910 547 995 599 124

955 1147 1044 1217 10

950 1611 1025 1681 11

945 2072 1036 2145 12

946 2537 1036 2607 13

944 2995 1035 3069 ⁴4

942 3460 1032 3530 15

941 3921 1032 3991 16

960 4285 1012 4341 1.

1857 553 2060 603 GESTA
2098 550 2103 555 ¹

1444 685 1767 782 Suscepit
1802 688 2053 761 Petrus
2083 687 2417 787 juvenem

1341 808 1641 896 propter
1677 799 1831 900 ejus
1866 803 2345 899 prudentiam,

1340 913 1453 988 cui
1491 939 1693 989 suam
1729 914 1853 990 dat
1886 917 2106 997 filiam

1342 1029 1521 1104 sicut
1558 1056 1759 1105 suam
1795 1033 2012 1109 Jacob
2051 1037 2313 1112 Laban.

1438 1150 1614 1219 Nam
1652 1146 1833 1223 sieut
1867 1151 2084 1226 Jacob
2120 1157 2382 1230 meruit

1339 1262 1531 1360 quod
1570 1271 1807 1338 natam
1846 1266 2079 1342 Laban
2113 1269 2378 1360 habuit,

1335 1377 1449 1451 hic
1485 1379 1755 1453 servire
1794 1380 1896 1456 sic
1933 1382 2202 1458 studuit

1337 1486 1530 1591 qu‘od
1569 1493 1704 1568 sibi
1742 1499 1993 1571 Petrus
2028 1499 2278 1576 tribuit

1290 1627 1296 1631 ·
1432 1609 1723 1684 Mariam
1756 1636 1958 1686 suam
1992 1614 2212 1691 filiam

1332 1732 1519 1798 etate
1555 1726 1764 1800 nimis
1795 1727 2156 1827 juvenem,

1336 1865 1550 1938 quam
1585 1843 1861 1940 aceepit
1897 1843 1972 1916 in
2008 1846 2381 1946 conjugem

1332 1966 1404 2030 et
1441 1956 1853 2031 irremotam
1890 1962 2250 2036 comitem.

1430 2077 1680 2151 Petrus
1717 2073 1974 2149 Mariae
2009 2077 2312 2175 genitor,

1335 2186 1580 2262 vicinis
1618 2188 1765 2262 suis
1803 2189 2044 2278 ditior,

1331 2304 1466 2377 hoc
1501 2304 1834 2403 adjuncto
1872 2308 2259 2382 connubio¹

1334 2417 1466 2493 sub
1504 2418 1745 2494 federe
1782 2419 2096 2521 legitimo

1428 2558 1642 2633 quem
1677 2534 1861 2611 filiae
1897 2539 2357 2638 conjunxerat

1334 2658 1408 2724 et
1440 2674 1786 2750 generum
1823 2653 2295 2751 plasmaverat

1331 2765 1544 2841 rebus
1581 2769 1728 2843 suis
1763 2770 2147 2859 consociat,

1330 2882 1798 2958 domesticum
1835 2885 2139 2961 edificat.

1428 3001 1765 3075 Concedit
1802 3001 1993 3076 bono
2031 3004 2267 3079 animo

1328 3124 1399 3189 et
1436 3115 1615 3189 filiae
1652 3125 1724 3190 et
1759 3141 2025 3217 genero

1331 3240 1409 3306 ut
1445 3230 1537 3305 sit
1573 3232 1676 3304 eis
1711 3234 2117 3309 communio

1328 3346 1419 3421 de
1455 3346 1645 3421 victu
1685 3355 1757 3421 et
1793 3348 2127 3448 hospitio.

1426 3461 1752 3561 Largitur
1789 3463 1891 3538 eis
1926 3467 2297 3565 propriam

1329 3576 1418 3649 de
1455 3587 1751 3676 argento
1791 3581 2186 3679 pecuniam,

1327 3692 1419 3766 de
1456 3696 1764 3770 nummis
1801 3697 2328 3790 abundantiam,

1191 3893 1198 3904 ³
1326 3807 1417 3881 de
1451 3809 1891 3886 vestimentis
1927 3813 2231 3911 copiam.

1425 3927 1603 3998 Sunt
1637 3924 1855 4024 igitur
1889 3951 2022 4024 per
2061 3929 2297 4004 omnia

1326 4045 1687 4136 tamquam
1725 4066 1865 4114 una
1900 4040 2159 4116 familia
2204 4070 2219 4115 ε

1054 4290 1344 4345 connubio,
1378 4289 1539 4347 Dans
1568 4288 1622 4346 le
1650 4307 1759 4347 me.
1795 4293 2042 4348 conubio.
