3558 5493
1404 580 1738 632 cam-m.
2594 582 2627 633 9

948 712 1150 811 ponit
1185 711 1356 786 illud
1393 712 1741 787 nefarium

946 827 1112 925 quia
1142 831 1460 903 Manasse
1495 827 1817 903 deditum

950 967 1095 1017 non
1129 951 1286 1018 erat
1319 943 1787 1044 episcopium.

562 1061 639 1131 51
1046 1058 1300 1134 Dicunt
1327 1059 1679 1157 quosdam
1713 1058 2041 1159 epistola,

949 1173 1301 1272 quosdam
1334 1174 1710 1249 mandasse
1735 1175 2035 1251 vernula

952 1313 1042 1364 ne
1079 1290 1213 1365 sibi
1249 1290 1440 1392 regis
1473 1290 1703 1390 gratia

951 1405 1160 1481 daret
1193 1405 1645 1505 episcopalia.

565 1524 657 1599 52
1052 1521 1368 1597 Clamant
1402 1522 1595 1596 cives
1632 1520 1966 1595 ferociter
1999 1548 2014 1595 ε

960 1636 1322 1712 Τναοτεταν
1357 1637 1480 1711 ille
1510 1637 1747 1712 viliter

952 1755 1354 1851 quicumque
1390 1751 1549 1826 hino
1585 1760 1939 1850 suspectus
1977 1760 2106 1840 est,

949 1869 1016 1941 si
1044 1892 1179 1942 non
1214 1892 1342 1965 per
1376 1890 1582 1942 sacra
1608 1866 1951 1964 prohibet.

565 1986 657 2055 53
1051 1988 1150 2058 De
1184 1983 1296 2057 his
1332 1981 1855 2080 suspicionibus

953 2122 1032 2172 se
1061 2106 1323 2198 purgat
1356 2097 1659 2197 quisque
1695 2096 2060 2185 conscius3

954 2213 1311 2289 Ansellus¹
1337 2213 1648 2311 vquidam
1681 2213 1980 2288 clericus

955 2353 1098 2403 non
1121 2328 1341 2428 jurat,
1385 2329 1623 2404 forsan
1660 2328 2013 2404 conscius.

566 2445 659 2519 54
1051 2448 1155 2518 Ita
1190 2468 1366 2544 ergo
1402 2444 1699 2520 ecclesia

954 2557 1184 2634 adhuc
1217 2584 1593 2634 remanens
1624 2560 1842 2635 vidua

954 2673 1140 2750 inter
1174 2674 1441 2751 divisos
1477 2677 1709 2775 posita

954 2790 1274 2866 nondum
1303 2792 1517 2867 habet
1552 2792 1868 2867 consilia.

567 2910 660 2980 55
1052 2911 1211 3004 Ipsa
1246 2931 1411 2981 cum
1444 2908 1637 2981 omni
1674 2908 1905 3005 patria

952 3021 1239 3096 turbata
1274 3033 1382 3097 est
1417 3032 1497 3097 ut
1532 3022 1747 3098 vidua

954 3162 1088 3211 nec
1121 3146 1231 3211 est
1266 3137 1389 3237 qui
1424 3138 1549 3213 det
1584 3138 1830 3213 solatia

957 3252 1232 3327 sedenti
1268 3252 1341 3326 in
1377 3253 1699 3329 tristicia.

570 3373 662 3444 56
1054 3368 1158 3444 11Ιί
1193 3369 1457 3443 etenim
1492 3370 1800 3444 maxime

957 3510 1140 3584 quos
1176 3484 1475 3560 nutrivit
1506 3484 1911 3561 dulcissime

956 3598 1281 3694 laborant
1313 3623 1472 3674 eam
1505 3599 1745 3674 ledere

956 3723 1029 3789 et
1064 3714 1353 3790 omnino
1391 3715 1849 3791 confundere.

570 3836 662 3906 57
1053 3833 1190 3904 Lac
1225 3856 1432 3905 suum
1470 3857 1720 3906 omnes
1746 3832 2039 3930 capiunt

958 3951 1033 4018 et
1061 3944 1201 4020 mel
1239 3945 1370 4019 sibi
1409 3946 1872 4037 distribuunt,

593 4142 643 4196 1.
684 4141 959 4199 Amanus.
990 4141 1075 4199 Le
1100 4145 1293 4200 meme
1320 4141 1754 4215 probablement
1781 4159 1893 4217 que
1922 4141 2071 4201 celui
2099 4142 2242 4200 dont
2278 4141 2317 4199 il
2354 4149 2443 4200 est
2480 4141 2640 4215 ραι-16

517 4227 799 4375 g=u5s4baffi
830 4235 932 4288 str.
965 4231 1228 4305 473-477,
1261 4236 1320 4288 et
1344 4229 1489 4288 dans
1518 4231 1575 4288 la
1602 4230 1849 4289 seconde
1876 4231 1979 4289 Vie
1997 4231 2070 4289 de
2090 4229 2409 4302 Burehard‚
2441 4236 2542 4286 str.
2568 4229 2633 4286 51
