3558 5493
1064 596 1125 644 68
2021 595 2226 647 Gsssn

1504 738 1576 802 et
1610 745 1744 826 per
1782 728 1993 803 stulta
2029 727 2319 802 consilia

1501 868 1801 945 regnum
1838 867 2045 919 suum
2084 843 2441 919 invaserat

1502 969 1575 1033 et
1611 958 1794 1033 male
1831 959 2328 1057 dissipaverat.

1065 1079 1191 1150 39⁴
1599 1080 1751 1151 Rex
1789 1101 1964 1175 ergo
2002 1076 2187 1151 sicut
2220 1076 2492 1174 equitat

1502 1216 1665 1266 eum
1702 1192 1924 1292 regali
1961 1192 2209 1267 militia

1502 1308 1767 1383 eadunt
1803 1317 1967 1383 ante
2004 1334 2081 1382 se
2118 1310 2401 1385 castella

1500 1424 1571 1497 vi
1610 1435 1733 1499 aut
1767 1424 2026 1499 timore
2061 1425 2327 1500 omnia.

1066 1543 1206 1617 392
1600 1541 1872 1616 Cadunt
1911 1541 2228 1641 quinque
2263 1566 2397 1640 per
2432 1565 2836 1629 numerum,

1499 1654 1830 1729 videlieet
1865 1655 2372 1744 Marehonium‚

1501 1770 1773 1845 Paluels
1811 1781 1882 1845 et
1920 1771 2259 1858 luceium,

1502 1886 1786 1960 Esclusa
1824 1895 1897 1960 et
1934 1885 2419 1961 Bulehenium.

1066 2006 1205 2076 393
1600 2002 1738 2077 Sed
1774 2002 2073 2078 Exclusa
2109 2002 2209 2092 vi,
2252 2004 2546 2093 assultu,

1503 2142 1699 2208 ense,
1742 2117 1906 2217 igue
1943 2120 2448 2208 consternitur,

1501 2232 1778 2321 occisis,
1822 2235 2048 2333 captis
2083 2235 2409 2334 pluribus

1501 2348 1594 2423 de
1631 2348 1911 2423 comitis
1949 2350 2349 2425 militibus¹.

1068 2464 1207 2537 394
1600 2464 1995 2540 Transisset
2030 2490 2161 2539 rex
2198 2465 2479 2541 inantea

1502 2579 1636 2653 nisi
1673 2579 1878 2679 equis
1913 2581 2267 2655 contraria

1500 2703 1688 2771 esset
1721 2705 1958 2771 terrae
1997 2697 2341 2798 fragilitas

1502 2821 1575 2885 et
1608 2812 1888 2910 hyemis
1923 2813 2271 2912 asperitas
2314 2840 2334 2901 3

1066 2931 1206 3000 395
1600 2936 1674 3001 et
1707 2935 1946 3002 tantus
1980 2953 2159 3028 grex
2196 2927 2486 3003 militiae

1502 3069 1645 3118 non
1680 3053 1965 3141 poterat
2000 3044 2320 3142 equitare

1064 3275 1237 3345 paute
1277 3270 1503 3330 d'Alost
1542 3282 1601 3331 et
1641 3273 1798 3331 aussi
1842 3291 1983 3347 pour
2025 3274 2302 3349 quelques
2344 3283 2519 3331 terres
2560 3273 2776 3331 situees
2818 3290 2917 3330 sur
2960 3273 3019 3331 la
3065 3273 3188 3331 rive

1064 3362 1283 3434 gauche
1326 3362 1399 3419 de
1444 3361 1696 3420 l’Escaut
1738 3362 1826 3432 (le
1873 3380 2015 3437 pays
2057 3363 2128 3421 de
2166 3362 2351 3420 Wses
2394 3371 2452 3420 et
2494 3361 2578 3420 les
2618 3361 3184 3434 Quare-Mamm),

1063 3451 1372 3525 conquises
1399 3467 1468 3508 au
1503 3463 1565 3508 x·
1594 3452 1766 3509 siecle
1796 3469 1899 3525 par
1926 3452 2267 3524 l'empereur
2292 3452 2488 3510 Othon
2518 3451 2572 3510 le
2600 3450 2817 3508 Graud.

1136 3540 1186 3594 l.
1231 3538 1311 3595 La
1340 3538 1669 3614 chronique
1698 3540 1768 3599 de
1800 3542 1980 3599 Prum
2009 3543 2200 3600 donne
2237 3559 2312 3599 au
2349 3542 2498 3615 sujet
2534 3540 2635 3597 des
2676 3549 2987 3614 avantages
3028 3557 3184 3598 rem·

1063 3627 1253 3701 portes
1284 3645 1384 3701 par
1411 3628 1754 3703 l'empereur
1789 3631 2069 3705 quelques
2107 3631 2310 3688 details
2339 3631 2512 3705 qu’on
2549 3647 2625 3687 ne
2662 3637 2863 3687 trouve
2901 3645 3002 3703 pas
3041 3627 3187 3685 dans

1064 3716 1148 3772 les
1170 3723 1364 3772 autres
1393 3715 1733 3776 documenta
1756 3719 2217 3793 contempni-ains
2242 3736 2254 3775 :
2279 3722 2574 3776 Heinricus
2592 3724 2914 3790 imperator,
2939 3716 3186 3789 dit-elle,

1065 3821 1192 3860 cum
1232 3810 1474 3862 exercitu
1513 3813 1723 3865 terram
1763 3812 1996 3880 Ruperti
2032 3814 2248 3866 comitis
2286 3811 2642 3866 Flandrensis
2684 3813 2892 3874 intrat,
2936 3814 3187 3864 castrum

1064 3895 1293 3950 Bolzain
1334 3912 1462 3951 cum
1501 3901 1697 3954 multis
1736 3902 1871 3954 aliis
1913 3903 2149 3956 castellis
2178 3903 2326 3970 capit
2354 3906 2405 3955 et
2442 3901 2690 3955 incendit
2717 3904 2768 3954 et
2794 3900 3187 3969 firmissimum

1063 3988 1310 4038 castrum
1331 3984 1583 4041 Solusam
1611 3994 1890 4057 coepuqnat
1918 3995 1967 4044 et
1996 3990 2260 4054 incendit,
2290 3992 2484 4044 multis
2502 3991 2675 4059 captis
2694 3994 2745 4043 et
2757 3991 2955 4059 paucis
2974 3989 3182 4042 occisis.

1057 4072 1332 4140 Πυρωνίας
1350 4075 1611 4129 victoriae
1629 4075 1987 4145 Imperatoris
2007 4078 2278 4142 invidens,
2300 4093 2404 4130 sua
2424 4079 2536 4145 ipsc
2556 4077 2941 4130 munitissima
2962 4075 3187 4129 castella

1057 4160 1347 4225 comburit,
1379 4164 1584 4218 scilicet
1612 4165 1749 4229 lnci,
1787 4165 2094 4233 Bapalmas,
2142 4166 2368 4230 Dcmcis,
2402 4165 2680 4230 Marcoin,
2723 4178 2864 4233 quac
2901 4166 3016 4233 ipsc
3054 4177 3188 4216 con-

1055 4253 1339 4305 struxerat
1367 4255 1561 4307 contra
1580 4252 1942 4309 Camaracum
1960 4254 2197 4320 (Recucil
2224 4255 2315 4309 des
2345 4254 2554 4308 Hister.
2582 4254 2647 4308 dc
2676 4254 2902 4321 France,
2935 4257 2977 4307 t.
3004 4248 3180 4320 xm,

1057 4352 1112 4410 p.
1138 4335 1286 4400 727).
