<?xml version="1.0" encoding="UTF-8"?>
<!DOCTYPE html PUBLIC "-//W3C//DTD XHTML 1.0 Transitional//EN"
    "http://www.w3.org/TR/xhtml1/DTD/xhtml1-transitional.dtd">
<html xmlns="http://www.w3.org/1999/xhtml" xml:lang="en" lang="en">
 <head>
  <title>
</title>
<meta http-equiv="Content-Type" content="text/html;charset=utf-8" />
  <meta name='ocr-system' content='tesseract 3.04.00' />
  <meta name='ocr-capabilities' content='ocr_page ocr_carea ocr_par ocr_line ocrx_word'/>
</head>
<body>
  <div class='ocr_page' id='page_1' title='image "./gestesdesvquesd00unkngoog_0087.png"; bbox 0 0 3558 5493; ppageno 0'>
   <div class='ocr_carea' id='block_1_1' title="bbox 1334 545 2556 605">
    <p class='ocr_par' dir='ltr' id='par_1_1' title="bbox 1334 545 2556 605">
     <span class='ocr_line' id='line_1_1' title="bbox 1334 545 2556 605; baseline 0.004 -5"><span class='ocrx_word' id='word_1_1' title='bbox 1334 545 1672 601; x_wconf 66' lang='lat' dir='ltr'><strong>omnm.</strong></span> <span class='ocrx_word' id='word_1_2' title='bbox 2499 553 2556 605; x_wconf 80' lang='lat'><strong>31</strong></span> 
     </span>
    </p>
   </div>
   <div class='ocr_carea' id='block_1_2' title="bbox 437 681 2096 3911">
    <p class='ocr_par' dir='ltr' id='par_1_2' title="bbox 884 681 1596 758">
     <span class='ocr_line' id='line_1_2' title="bbox 884 681 1596 758; baseline 0 -2"><span class='ocrx_word' id='word_1_3' title='bbox 884 681 1220 758; x_wconf 82' lang='lat' dir='ltr'><strong>obediant</strong></span> <span class='ocrx_word' id='word_1_4' title='bbox 1251 682 1596 758; x_wconf 82' lang='lat' dir='ltr'><strong>benevolo</strong></span> 
     </span>
    </p>

    <p class='ocr_par' dir='ltr' id='par_1_3' title="bbox 444 797 1822 1246">
     <span class='ocr_line' id='line_1_3' title="bbox 444 797 1676 898; baseline 0.002 -28"><span class='ocrx_word' id='word_1_5' title='bbox 444 800 589 871; x_wconf 88' lang='grc'><strong>470</strong></span> <span class='ocrx_word' id='word_1_6' title='bbox 978 806 1061 873; x_wconf 92' lang='lat' dir='ltr'><strong>ut</strong></span> <span class='ocrx_word' id='word_1_7' title='bbox 1095 823 1184 871; x_wconf 86' lang='lat' dir='ltr'><strong>ex</strong></span> <span class='ocrx_word' id='word_1_8' title='bbox 1220 797 1413 873; x_wconf 88' lang='lat' dir='ltr'><strong>fideli</strong></span> <span class='ocrx_word' id='word_1_9' title='bbox 1448 797 1676 898; x_wconf 85' lang='lat' dir='ltr'><strong>gratia</strong></span> 
     </span>
     <span class='ocr_line' id='line_1_4' title="bbox 880 913 1822 1015; baseline 0 -27"><span class='ocrx_word' id='word_1_10' title='bbox 880 922 955 989; x_wconf 87' lang='lat' dir='ltr'><strong>et</strong></span> <span class='ocrx_word' id='word_1_11' title='bbox 987 922 1234 1013; x_wconf 86' lang='lat' dir='ltr'><strong>pastor</strong></span> <span class='ocrx_word' id='word_1_12' title='bbox 1268 923 1343 991; x_wconf 91' lang='lat' dir='ltr'><strong>et</strong></span> <span class='ocrx_word' id='word_1_13' title='bbox 1376 939 1557 1015; x_wconf 80' lang='lat' dir='ltr'><strong>grex</strong></span> <span class='ocrx_word' id='word_1_14' title='bbox 1590 913 1822 991; x_wconf 82' lang='lat' dir='ltr'><strong>valeat</strong></span> 
     </span>
     <span class='ocr_line' id='line_1_5' title="bbox 881 1030 1569 1130; baseline 0.004 -26"><span class='ocrx_word' id='word_1_15' title='bbox 881 1030 972 1104; x_wconf 90' lang='lat' dir='ltr'><strong>ad</strong></span> <span class='ocrx_word' id='word_1_16' title='bbox 1010 1031 1320 1130; x_wconf 85' lang='lat' dir='ltr'><strong>pastoris</strong></span> <span class='ocrx_word' id='word_1_17' title='bbox 1356 1030 1569 1106; x_wconf 81' lang='lat' dir='ltr'><strong>ovilia</strong></span> 
     </span>
     <span class='ocr_line' id='line_1_6' title="bbox 881 1147 1659 1246; baseline 0.003 -26"><span class='ocrx_word' id='word_1_18' title='bbox 881 1147 1257 1245; x_wconf 85' lang='lat' dir='ltr'><strong>pervenire</strong></span> <span class='ocrx_word' id='word_1_19' title='bbox 1288 1156 1659 1246; x_wconf 84' lang='lat' dir='ltr'><strong>perpetua.</strong></span> 
     </span>
    </p>

    <p class='ocr_par' dir='ltr' id='par_1_4' title="bbox 445 1263 1790 1595">
     <span class='ocr_line' id='line_1_7' title="bbox 445 1263 1771 1362; baseline 0.004 -28"><span class='ocrx_word' id='word_1_20' title='bbox 445 1264 574 1335; x_wconf 82' lang='grc'><strong>474</strong></span> <span class='ocrx_word' id='word_1_21' title='bbox 980 1263 1307 1340; x_wconf 83' lang='lat' dir='ltr'><strong>Urbanus</strong></span> <span class='ocrx_word' id='word_1_22' title='bbox 1339 1263 1771 1362; x_wconf 85' lang='lat' dir='ltr'><strong>apostolicus</strong></span> 
     </span>
     <span class='ocr_line' id='line_1_8' title="bbox 878 1379 1790 1479; baseline 0.002 -27"><span class='ocrx_word' id='word_1_23' title='bbox 878 1387 953 1452; x_wconf 86' lang='lat' dir='ltr'><strong>et</strong></span> <span class='ocrx_word' id='word_1_24' title='bbox 985 1382 1372 1454; x_wconf 81' lang='lat' dir='ltr'><strong>Remorum</strong></span> <span class='ocrx_word' id='word_1_25' title='bbox 1404 1379 1790 1479; x_wconf 87' lang='lat' dir='ltr'><strong>episcopus</strong></span> 
     </span>
     <span class='ocr_line' id='line_1_9' title="bbox 875 1493 1617 1595; baseline 0.003 -27"><span class='ocrx_word' id='word_1_26' title='bbox 875 1493 1113 1569; x_wconf 88' lang='lat' dir='ltr'><strong>missis</strong></span> <span class='ocrx_word' id='word_1_27' title='bbox 1147 1495 1617 1595; x_wconf 80' lang='lat' dir='ltr'><strong>legationibus</strong></span> 
     </span>
    </p>

    <p class='ocr_par' dir='ltr' id='par_1_5' title="bbox 441 1608 2096 2058">
     <span class='ocr_line' id='line_1_10' title="bbox 441 1608 2096 1685; baseline 0.002 -5"><span class='ocrx_word' id='word_1_28' title='bbox 441 1610 536 1679; x_wconf 89' lang='grc'><strong>47</strong></span> <span class='ocrx_word' id='word_1_29' title='bbox 540 1608 586 1684; x_wconf 74' lang='lat'>2</span> <span class='ocrx_word' id='word_1_30' title='bbox 978 1618 1269 1684; x_wconf 91' lang='lat' dir='ltr'><strong>monent</strong></span> <span class='ocrx_word' id='word_1_31' title='bbox 1303 1610 1692 1684; x_wconf 89' lang='lat' dir='ltr'><strong>Robertum</strong></span> <span class='ocrx_word' id='word_1_32' title='bbox 1729 1609 2096 1685; x_wconf 86' lang='lat' dir='ltr'><strong>comitem¹</strong></span> 
     </span>
     <span class='ocr_line' id='line_1_11' title="bbox 875 1725 1674 1800; baseline -0.001 0"><span class='ocrx_word' id='word_1_33' title='bbox 875 1734 957 1800; x_wconf 94' lang='lat' dir='ltr'><strong>ut</strong></span> <span class='ocrx_word' id='word_1_34' title='bbox 991 1725 1303 1800; x_wconf 84' lang='lat' dir='ltr'><strong>dimittat</strong></span> <span class='ocrx_word' id='word_1_35' title='bbox 1338 1725 1674 1800; x_wconf 85' lang='lat' dir='ltr'><strong>malitiam</strong></span> 
     </span>
     <span class='ocr_line' id='line_1_12' title="bbox 875 1843 1963 1940; baseline -0.001 -25"><span class='ocrx_word' id='word_1_36' title='bbox 875 1864 1094 1939; x_wconf 89' lang='lat' dir='ltr'><strong>quam</strong></span> <span class='ocrx_word' id='word_1_37' title='bbox 1130 1865 1349 1940; x_wconf 83' lang='lat' dir='ltr'><strong>super</strong></span> <span class='ocrx_word' id='word_1_38' title='bbox 1383 1843 1963 1916; x_wconf 75' lang='lat' dir='ltr'><strong>cameracensem</strong></span> 
     </span>
     <span class='ocr_line' id='line_1_13' title="bbox 878 1956 1641 2058; baseline -0.001 -27"><span class='ocrx_word' id='word_1_39' title='bbox 878 1956 1240 2058; x_wconf 78' lang='lat' dir='ltr'><strong>irrogabat</strong></span> <span class='ocrx_word' id='word_1_40' title='bbox 1273 1957 1641 2031; x_wconf 85' lang='lat' dir='ltr'><strong>ecclesiam</strong></span> 
     </span>
    </p>

    <p class='ocr_par' dir='ltr' id='par_1_6' title="bbox 441 2071 1850 2494">
     <span class='ocr_line' id='line_1_14' title="bbox 441 2071 1850 2172; baseline 0.001 -29"><span class='ocrx_word' id='word_1_41' title='bbox 441 2073 582 2143; x_wconf 86' lang='grc'><strong>473</strong></span> <span class='ocrx_word' id='word_1_42' title='bbox 977 2072 1184 2170; x_wconf 89' lang='lat' dir='ltr'><strong>eique</strong></span> <span class='ocrx_word' id='word_1_43' title='bbox 1220 2096 1472 2172; x_wconf 87' lang='lat' dir='ltr'><strong>pacem</strong></span> <span class='ocrx_word' id='word_1_44' title='bbox 1506 2071 1850 2159; x_wconf 84' lang='lat' dir='ltr'><strong>conferat,</strong></span> 
     </span>
     <span class='ocr_line' id='line_1_15' title="bbox 878 2187 1772 2288; baseline 0 -27"><span class='ocrx_word' id='word_1_45' title='bbox 878 2187 1098 2261; x_wconf 89' lang='lat' dir='ltr'><strong>immo</strong></span> <span class='ocrx_word' id='word_1_46' title='bbox 1127 2197 1489 2286; x_wconf 80' lang='lat' dir='ltr'><strong>pastorem</strong></span> <span class='ocrx_word' id='word_1_47' title='bbox 1527 2187 1772 2288; x_wconf 90' lang='lat' dir='ltr'><strong>diligat</strong></span> 
     </span>
     <span class='ocr_line' id='line_1_16' title="bbox 877 2302 1766 2393; baseline 0.001 -16"><span class='ocrx_word' id='word_1_48' title='bbox 877 2302 1248 2379; x_wconf 87' lang='lat' dir='ltr'><strong>Galcerum</strong></span> <span class='ocrx_word' id='word_1_49' title='bbox 1283 2312 1356 2379; x_wconf 85' lang='lat' dir='ltr'><strong>et</strong></span> <span class='ocrx_word' id='word_1_50' title='bbox 1391 2304 1766 2393; x_wconf 88' lang='lat' dir='ltr'><strong>custodiat,</strong></span> 
     </span>
     <span class='ocr_line' id='line_1_17' title="bbox 872 2418 1683 2494; baseline 0.002 -2"><span class='ocrx_word' id='word_1_51' title='bbox 872 2418 1174 2494; x_wconf 84' lang='lat' dir='ltr'><strong>honoret</strong></span> <span class='ocrx_word' id='word_1_52' title='bbox 1206 2428 1280 2493; x_wconf 90' lang='lat' dir='ltr'><strong>et</strong></span> <span class='ocrx_word' id='word_1_53' title='bbox 1315 2419 1683 2494; x_wconf 83' lang='lat' dir='ltr'><strong>sustineat.</strong></span> 
     </span>
    </p>

    <p class='ocr_par' dir='ltr' id='par_1_7' title="bbox 437 2533 1956 2959">
     <span class='ocr_line' id='line_1_18' title="bbox 437 2533 1956 2633; baseline 0.002 -26"><span class='ocrx_word' id='word_1_54' title='bbox 437 2537 532 2607; x_wconf 89' lang='grc'><strong>47</strong></span> <span class='ocrx_word' id='word_1_55' title='bbox 536 2533 582 2606; x_wconf 71' lang='lat'><strong>4</strong></span> <span class='ocrx_word' id='word_1_56' title='bbox 974 2535 1176 2624; x_wconf 86' lang='lat' dir='ltr'><strong>Quod</strong></span> <span class='ocrx_word' id='word_1_57' title='bbox 1213 2536 1271 2610; x_wconf 89' lang='lat' dir='ltr'><strong>si</strong></span> <span class='ocrx_word' id='word_1_58' title='bbox 1309 2544 1693 2633; x_wconf 88' lang='lat' dir='ltr'><strong>utrumque</strong></span> <span class='ocrx_word' id='word_1_59' title='bbox 1726 2535 1956 2610; x_wconf 85' lang='lat' dir='ltr'><strong>facere</strong></span> 
     </span>
     <span class='ocr_line' id='line_1_19' title="bbox 874 2650 1676 2752; baseline 0.002 -28"><span class='ocrx_word' id='word_1_60' title='bbox 874 2650 1306 2752; x_wconf 84' lang='lat' dir='ltr'><strong>indignatur,</strong></span> <span class='ocrx_word' id='word_1_61' title='bbox 1349 2651 1676 2726; x_wconf 83' lang='lat' dir='ltr'><strong>facillime</strong></span> 
     </span>
     <span class='ocr_line' id='line_1_20' title="bbox 878 2767 1776 2868; baseline 0.002 -26"><span class='ocrx_word' id='word_1_62' title='bbox 878 2767 1362 2868; x_wconf 84' lang='lat' dir='ltr'><strong>indignantem</strong></span> <span class='ocrx_word' id='word_1_63' title='bbox 1399 2778 1776 2867; x_wconf 82' lang='lat' dir='ltr'><strong>percutere</strong></span> 
     </span>
     <span class='ocr_line' id='line_1_21' title="bbox 877 2883 1692 2959; baseline 0 -2"><span class='ocrx_word' id='word_1_64' title='bbox 877 2883 1189 2958; x_wconf 84' lang='lat' dir='ltr'><strong>minatur</strong></span> <span class='ocrx_word' id='word_1_65' title='bbox 1223 2884 1692 2959; x_wconf 84' lang='lat' dir='ltr'><strong>anathemate.</strong></span> 
     </span>
    </p>

    <p class='ocr_par' dir='ltr' id='par_1_8' title="bbox 437 3001 1950 3448">
     <span class='ocr_line' id='line_1_22' title="bbox 437 3001 1950 3100; baseline 0.001 -26"><span class='ocrx_word' id='word_1_66' title='bbox 437 3003 582 3074; x_wconf 84' lang='grc'><strong>475</strong></span> <span class='ocrx_word' id='word_1_67' title='bbox 972 3003 1225 3075; x_wconf 89' lang='lat' dir='ltr'><strong>Comes</strong></span> <span class='ocrx_word' id='word_1_68' title='bbox 1259 3008 1497 3075; x_wconf 87' lang='lat' dir='ltr'><strong>autem</strong></span> <span class='ocrx_word' id='word_1_69' title='bbox 1535 3001 1950 3100; x_wconf 89' lang='lat' dir='ltr'><strong>magnificus</strong></span> 
     </span>
     <span class='ocr_line' id='line_1_23' title="bbox 876 3115 1582 3214; baseline 0 -24"><span class='ocrx_word' id='word_1_70' title='bbox 876 3116 1238 3214; x_wconf 84' lang='lat' dir='ltr'><strong>adquievit</strong></span> <span class='ocrx_word' id='word_1_71' title='bbox 1272 3115 1582 3190; x_wconf 77' lang='lat' dir='ltr'><strong>fallacius</strong></span> 
     </span>
     <span class='ocr_line' id='line_1_24' title="bbox 877 3232 1666 3308; baseline 0 -2"><span class='ocrx_word' id='word_1_72' title='bbox 877 3233 1137 3308; x_wconf 88' lang='lat' dir='ltr'><strong>horum</strong></span> <span class='ocrx_word' id='word_1_73' title='bbox 1171 3232 1666 3308; x_wconf 84' lang='lat' dir='ltr'><strong>dilectionibus</strong></span> 
     </span>
     <span class='ocr_line' id='line_1_25' title="bbox 874 3348 1844 3448; baseline 0 -25"><span class='ocrx_word' id='word_1_74' title='bbox 874 3357 947 3423; x_wconf 90' lang='lat' dir='ltr'><strong>et</strong></span> <span class='ocrx_word' id='word_1_75' title='bbox 978 3349 1340 3447; x_wconf 82' lang='lat' dir='ltr'><strong>preceptis</strong></span> <span class='ocrx_word' id='word_1_76' title='bbox 1375 3357 1448 3423; x_wconf 90' lang='lat' dir='ltr'><strong>et</strong></span> <span class='ocrx_word' id='word_1_77' title='bbox 1482 3348 1844 3448; x_wconf 89' lang='lat' dir='ltr'><strong>precibus.</strong></span> 
     </span>
    </p>

    <p class='ocr_par' dir='ltr' id='par_1_9' title="bbox 437 3464 1995 3911">
     <span class='ocr_line' id='line_1_26' title="bbox 437 3464 1995 3542; baseline 0.001 -5"><span class='ocrx_word' id='word_1_78' title='bbox 437 3468 582 3537; x_wconf 87' lang='grc'><strong>476</strong></span> <span class='ocrx_word' id='word_1_79' title='bbox 972 3470 1171 3540; x_wconf 86' lang='lat' dir='ltr'><strong>Tunc</strong></span> <span class='ocrx_word' id='word_1_80' title='bbox 1199 3465 1392 3539; x_wconf 90' lang='lat' dir='ltr'><strong>enim</strong></span> <span class='ocrx_word' id='word_1_81' title='bbox 1424 3464 1521 3539; x_wconf 92' lang='lat' dir='ltr'><strong>ob</strong></span> <span class='ocrx_word' id='word_1_82' title='bbox 1556 3467 1689 3542; x_wconf 88' lang='lat' dir='ltr'><strong>hec</strong></span> <span class='ocrx_word' id='word_1_83' title='bbox 1722 3464 1995 3540; x_wconf 89' lang='lat' dir='ltr'><strong>monita</strong></span> 
     </span>
     <span class='ocr_line' id='line_1_27' title="bbox 875 3580 1576 3667; baseline -0.001 -12"><span class='ocrx_word' id='word_1_84' title='bbox 875 3580 1177 3655; x_wconf 78' lang='lat' dir='ltr'><strong>cessavit</strong></span> <span class='ocrx_word' id='word_1_85' title='bbox 1207 3607 1249 3654; x_wconf 89' lang='lat' dir='ltr'><strong>a</strong></span> <span class='ocrx_word' id='word_1_86' title='bbox 1285 3580 1576 3667; x_wconf 86' lang='lat' dir='ltr'><strong>malitia,</strong></span> 
     </span>
     <span class='ocr_line' id='line_1_28' title="bbox 877 3696 1952 3796; baseline -0.002 -25"><span class='ocrx_word' id='word_1_87' title='bbox 877 3696 1002 3771; x_wconf 90' lang='lat' dir='ltr'><strong>sed</strong></span> <span class='ocrx_word' id='word_1_88' title='bbox 1037 3722 1179 3770; x_wconf 91' lang='lat' dir='ltr'><strong>non</strong></span> <span class='ocrx_word' id='word_1_89' title='bbox 1217 3721 1348 3796; x_wconf 84' lang='lat' dir='ltr'><strong>per</strong></span> <span class='ocrx_word' id='word_1_90' title='bbox 1382 3696 1591 3796; x_wconf 89' lang='lat' dir='ltr'><strong>longa</strong></span> <span class='ocrx_word' id='word_1_91' title='bbox 1626 3704 1952 3793; x_wconf 84' lang='lat' dir='ltr'><strong>tempora</strong></span> 
     </span>
     <span class='ocr_line' id='line_1_29' title="bbox 873 3812 1911 3911; baseline -0.002 -25"><span class='ocrx_word' id='word_1_92' title='bbox 873 3812 1261 3911; x_wconf 84' lang='lat' dir='ltr'><strong>permansit</strong></span> <span class='ocrx_word' id='word_1_93' title='bbox 1298 3813 1470 3887; x_wconf 90' lang='lat' dir='ltr'><strong>haec</strong></span> <span class='ocrx_word' id='word_1_94' title='bbox 1507 3812 1911 3887; x_wconf 89' lang='lat' dir='ltr'><strong>concordia.</strong></span> 
     </span>
    </p>
   </div>
   <div class='ocr_carea' id='block_1_3' title="bbox 431 4100 2558 4356">
    <p class='ocr_par' dir='ltr' id='par_1_10' title="bbox 431 4100 2558 4356">
     <span class='ocr_line' id='line_1_30' title="bbox 507 4100 2558 4177; baseline -0 -17"><span class='ocrx_word' id='word_1_95' title='bbox 507 4106 558 4160; x_wconf 84' lang='lat'><strong>1.</strong></span> <span class='ocrx_word' id='word_1_96' title='bbox 600 4103 763 4161; x_wconf 78' lang='lat' dir='ltr'><strong>Dans</strong></span> <span class='ocrx_word' id='word_1_97' title='bbox 788 4102 847 4162; x_wconf 83' lang='lat' dir='ltr'><strong>le</strong></span> <span class='ocrx_word' id='word_1_98' title='bbox 871 4120 982 4161; x_wconf 83' lang='lat' dir='ltr'><strong>ms.</strong></span> <span class='ocrx_word' id='word_1_99' title='bbox 1013 4121 1077 4163; x_wconf 85' lang='lat' dir='ltr'><strong>ce</strong></span> <span class='ocrx_word' id='word_1_100' title='bbox 1105 4120 1234 4163; x_wconf 74' lang='lat' dir='ltr'><strong>vers</strong></span> <span class='ocrx_word' id='word_1_101' title='bbox 1262 4113 1322 4163; x_wconf 81' lang='lat' dir='ltr'><strong>ct.</strong></span> <span class='ocrx_word' id='word_1_102' title='bbox 1351 4105 1403 4161; x_wconf 87' lang='lat' dir='ltr'><strong>le</strong></span> <span class='ocrx_word' id='word_1_103' title='bbox 1422 4103 1732 4177; x_wconf 71' lang='lat' dir='ltr'><strong>precedent</strong></span> <span class='ocrx_word' id='word_1_104' title='bbox 1750 4120 1814 4160; x_wconf 92' lang='lat' dir='ltr'><strong>se</strong></span> <span class='ocrx_word' id='word_1_105' title='bbox 1835 4110 2104 4161; x_wconf 82' lang='lat' dir='ltr'><strong>trouvent.</strong></span> <span class='ocrx_word' id='word_1_106' title='bbox 2123 4102 2267 4160; x_wconf 87' lang='lat' dir='ltr'><strong>dans</strong></span> <span class='ocrx_word' id='word_1_107' title='bbox 2286 4119 2368 4159; x_wconf 90' lang='lat' dir='ltr'><strong>un</strong></span> <span class='ocrx_word' id='word_1_108' title='bbox 2391 4100 2558 4159; x_wconf 82' lang='lat' dir='ltr'><strong>ordre</strong></span> 
     </span>
     <span class='ocr_line' id='line_1_31' title="bbox 432 4191 2555 4263; baseline -0.001 -14"><span class='ocrx_word' id='word_1_109' title='bbox 432 4193 661 4250; x_wconf 76' lang='lat' dir='ltr'><strong>inverse</strong></span> <span class='ocrx_word' id='word_1_110' title='bbox 691 4198 939 4260; x_wconf 78' lang='lat' dir='ltr'><strong>(monent</strong></span> <span class='ocrx_word' id='word_1_111' title='bbox 967 4195 1261 4250; x_wconf 78' lang='lat' dir='ltr'><strong>Robortum</strong></span> <span class='ocrx_word' id='word_1_112' title='bbox 1292 4197 1544 4250; x_wconf 75' lang='lat' dir='ltr'><strong>comitem</strong></span> <span class='ocrx_word' id='word_1_113' title='bbox 1572 4196 1756 4249; x_wconf 77' lang='lat' dir='ltr'><strong>missis</strong></span> <span class='ocrx_word' id='word_1_114' title='bbox 1788 4194 2195 4263; x_wconf 69' lang='lat' dir='ltr'><strong>laqationibus),</strong></span> <span class='ocrx_word' id='word_1_115' title='bbox 2237 4191 2388 4249; x_wconf 84' lang='lat' dir='ltr'><strong>mais</strong></span> <span class='ocrx_word' id='word_1_116' title='bbox 2414 4206 2555 4248; x_wconf 83' lang='lat' dir='ltr'><strong>avec</strong></span> 
     </span>
     <span class='ocr_line' id='line_1_32' title="bbox 431 4280 1649 4356; baseline -0.001 -18"><span class='ocrx_word' id='word_1_117' title='bbox 431 4298 517 4338; x_wconf 90' lang='lat' dir='ltr'><strong>un</strong></span> <span class='ocrx_word' id='word_1_118' title='bbox 546 4281 707 4355; x_wconf 83' lang='lat' dir='ltr'><strong>signe</strong></span> <span class='ocrx_word' id='word_1_119' title='bbox 735 4281 835 4356; x_wconf 88' lang='lat' dir='ltr'><strong>qui</strong></span> <span class='ocrx_word' id='word_1_120' title='bbox 865 4280 1103 4355; x_wconf 88' lang='lat' dir='ltr'><strong>indique</strong></span> <span class='ocrx_word' id='word_1_121' title='bbox 1131 4282 1189 4340; x_wconf 90' lang='lat' dir='ltr'><strong>la</strong></span> <span class='ocrx_word' id='word_1_122' title='bbox 1216 4281 1649 4356; x_wconf 83' lang='lat' dir='ltr'><strong>transposition.</strong></span> 
     </span>
    </p>
   </div>
  </div>
 </body>
</html>
