3558 5493
1161 1020 1440 1096 TABLE
1488 1020 1607 1091 DU
1655 1017 2033 1094 VOLUME.

539 1479 942 1538 Introduction
1002 1522 2062 1537 ............
2083 1552 2090 1560 0
2145 1522 2159 1536 .
2241 1520 2254 1534 .
2337 1522 2351 1536 .
2435 1522 2446 1535 .
2649 1496 2668 1535 ι

1289 1621 1497 1695 [Ges-rs
1534 1620 1830 1679 Gsncnsm
1845 1620 1864 1660 ⁴
1879 1621 1918 1692 .]

543 1763 760 1837 Incipit
784 1763 1056 1837 prologus
1083 1762 1148 1819 in
1174 1762 1298 1819 vita
1322 1761 1551 1819 Galceri
1580 1759 2014 1819 Cameracensis
2041 1759 2299 1834 episcopi
2341 1803 2356 1818 .
2436 1802 2450 1817 .
2635 1761 2660 1816 ¹

544 1850 803 1926 Explicit
828 1850 1118 1926 prologus.
1151 1849 1370 1925 Incipit
1395 1850 1517 1908 vita
1545 1849 1638 1908 vel
1673 1857 1841 1907 actus
1880 1848 2151 1907 Galcheri
2180 1848 2450 1906 Camera-

725 1940 915 1998 censis
942 1940 1197 2015 episcopi
1205 1979 2451 1998 ..............
2636 1958 2664 1990 ι

548 2027 638 2087 ΒΘ
665 2029 947 2087 electione
975 2029 1243 2087 Manasse
1303 2067 2453 2086 .............
2634 2025 2668 2082 6

548 2116 811 2186 Qualiter
836 2118 1241 2176 Atrebatensis
1265 2115 1545 2175 aecclesia
1571 2132 1608 2174 a
1645 2114 2050 2174 cameracensi
2079 2113 2158 2171 sit
2183 2113 2373 2172 divisa
2399 2122 2459 2171 et

729 2206 800 2264 de
829 2207 1138 2265 Lamberto
1163 2205 1354 2280 primo
1380 2206 1639 2281 ejusdem
1667 2204 1922 2264 civitatis
1949 2203 2217 2278 episcopo
2249 2245 2265 2262 .
2345 2247 2358 2260 .
2439 2245 2454 2260 .
2602 2202 2671 2259 13

548 2296 637 2353 De
667 2296 948 2354 electione
968 2295 1199 2354 Galceri
1205 2334 2454 2353 ..............
2603 2293 2672 2349 15

549 2385 639 2443 De
666 2386 1096 2444 consecratione
1124 2385 1421 2444 Lamherti
1449 2383 1881 2443 Attrehatensis
1906 2383 2166 2459 episcopi
2244 2426 2259 2441 .
2339 2426 2352 2439 .
2439 2425 2454 2442 .
2602 2382 2671 2441 ¹9

549 2474 639 2531 ΒΘ
666 2474 854 2532 reditu
881 2473 1106 2532 Galceri
1142 2474 1215 2532 ah
1244 2474 1609 2548 imperatoris
1645 2474 1808 2532 curia
1868 2513 2450 2530 .......
2601 2471 2673 2529 20

552 2564 641 2621 ΒΘ
667 2563 1011 2621 adversariis
1038 2564 1163 2638 ejus
1205 2602 2455 2621 ..............
2608 2583 2669 2616 n

551 2652 641 2709 De
668 2653 1099 2711 consecratione
1127 2651 1357 2710 Galceri
1384 2659 1444 2709 et
1478 2652 1550 2708 de
1584 2652 1929 2727 expulsione
1957 2651 2228 2709 Manasse
2251 2650 2456 2709 adver-

554 2757 1128 2897 Qufflfflszzuss·
1143 2847 1178 2887 a
1198 2783 2460 2906 13⁸5„ebrumsputantem:
2604 2739 2673 2796 ²⁷

734 2918 965 2976 nicetus
992 2926 1051 2976 et
1076 2918 1375 2978 Manasses
1406 2920 1470 2977 in
1498 2920 1623 2978 loco
1652 2920 1778 2994 ejus
1808 2919 2153 2995 subrogatus
2180 2919 2271 2975 vel
2300 2917 2462 2976 resti·

735 3014 897 3064 tutus
922 3049 2457 3067 .................
2604 3006 2675 3065 32

553 3095 643 3152 ΒΘ
669 3104 855 3153 morte
882 3095 1192 3171 Baginaldi
1223 3097 1533 3156 Remensis
1560 3097 1984 3172 archiepiscopi
2061 3139 2457 3154 .....
2603 3095 2671 3152 43

555 3185 644 3242 ΒΘ
670 3184 807 3258 fuga
833 3184 1173 3243 clericorum
1202 3185 1705 3243 Cameracensium
1783 3227 2459 3244 ........
2604 3184 2675 3240 47

554 3271 818 3340 Qualiter
843 3272 1282 3331 cameracenses
1310 3275 1663 3332 Galcherum
1696 3274 2093 3332 refutaverunt
2161 3316 2173 3329 .
2198 3263 2204 3271 ’
2257 3317 2268 3328 .
2350 3316 2361 3328 .
2445 3315 2457 3327 .
2607 3271 2676 3327 55

558 3362 645 3418 ΒΘ
668 3359 1018 3435 profectione
1046 3362 1317 3420 Galcheri
1344 3362 1417 3420 ad
1447 3364 1858 3438 imperatorem
1878 3402 2459 3421 .......
2609 3358 2677 3416 56

556 3449 645 3506 ΒΘ
674 3448 810 3524 fuga
838 3451 1104 3509 Manasse
1131 3459 1192 3508 et
1217 3453 1541 3526 receptione
1570 3452 1843 3509 Galcheri
1886 3451 2039 3508 infra
2066 3450 2270 3507 urbem
2349 3493 2363 3506 .
2445 3493 2457 3504 .
2607 3447 2675 3505 58

474 3592 483 3603 ,
558 3536 725 3605 Quod
781 3537 1068 3597 Robertus
1119 3557 1314 3599 comes
1370 3540 1742 3599 Flandrensis
1800 3540 2242 3598 Cameracenses
2295 3536 2463 3596 valde

738 3626 951 3683 afflixit
1026 3669 2460 3687 ................
2608 3625 2676 3683 59

560 3715 649 3771 ΒΘ
675 3731 949 3773 succursu
980 3716 1345 3790 imperatoris
1402 3758 2460 3776 ............
2608 3713 2678 3771 64

560 3803 648 3861 De
673 3804 925 3861 adventu
955 3806 1319 3880 imperatoris
1347 3807 1411 3864 in
1440 3806 1591 3865 hanc
1618 3815 1830 3865 terram
1880 3847 2462 3880 .......
2608 3801 2677 3860 67

559 3892 649 3949 ΒΘ
675 3910 934 3967 regressu
965 3894 1331 3968 imperatoris
1358 3894 1431 3952 ad
1461 3896 1691 3969 propria
1776 3934 2459 3953 ........
2608 3891 2677 3949 69
2753 3968 2759 3976 ⁸

561 3982 650 4039 De
679 3983 874 4040 treviis
900 4000 936 4040 a
963 3984 1174 4042 comite
1203 3985 1429 4043 civibus
1457 3985 1610 4043 datis
1687 4025 2462 4043 .........
2612 3980 2681 4037 70

629 4221 675 4271 1.
705 4222 787 4272 On
814 4234 873 4273 se
899 4221 1191 4288 reppellera
1217 4235 1321 4288 que
1349 4222 1427 4274 les
1455 4221 1609 4274 titres
1636 4236 1740 4287 que
1778 4235 1910 4274 nous
1943 4234 2228 4287 man-quens
2261 4223 2410 4272 entre
2438 4218 2680 4271 crochets

567 4314 631 4351 ne
660 4314 718 4351 se
748 4304 993 4352 trouvent
1022 4315 1116 4365 pas
1144 4301 1275 4353 dans
1302 4302 1353 4354 le
1379 4303 1688 4357 manuscrit.
