3558 5493
930 536 1016 588 168
1884 528 2087 580 Gsssra

1214 665 1349 740 ista
1385 689 1524 763 que
1559 661 1927 737 dicuntur¹
1969 661 2140 736 satis
2176 662 2607 738 sufficerent.

921 782 1065 861 245
1311 787 1503 855 Tunc
1538 778 2050 877 archipontifex
2086 778 2392 877 sumpsit
2425 779 2841 880 episcopum

1211 896 1346 973 sub
1383 895 1790 972 testimonio
1826 895 2140 993 quinque
2176 894 2623 993 pontificum,

1309 1013 1552 1088 dicens
1597 1038 1616 1085 ι
1666 1011 1725 1086 O
1762 1014 1861 1085 mi
1886 1022 2119 1110 pater,
2163 1012 2425 1086 audisti
2451 1011 2728 1110 publice

1210 1139 1473 1229 quanta
1504 1128 1817 1203 malivoli
1851 1128 2090 1203 dieunt
2126 1128 2492 1202 adversum
2527 1139 2621 1214 te,

1306 1255 1550 1342 tueque
1586 1244 1848 1317 audisti
1881 1245 2020 1317 vite
2056 1242 2543 1340 calumpniam,

914 1363 1057 1438 250
1205 1382 1471 1433 morum
1505 1358 1892 1455 infamiam,
1936 1359 2144 1432 laxus
2179 1357 2695 1456 blasphemiam.

1315 1473 1612 1548 Oramus
1648 1498 1810 1572 erqo
1848 1484 1914 1547 te
1950 1474 2074 1549 hoc
2109 1497 2590 1572 reeoqnoecere

1207 1593 1530 1689 quoniam
1565 1592 1844 1665 minime
1871 1601 2069 1689 potes
2097 1592 2434 1689 proficere

1303 1709 1488 1781 inter
1521 1709 1880 1781 universos
1915 1708 2037 1806 qai
2072 1717 2138 1781 te
2174 1708 2277 1781 sic
2312 1706 2553 1781 odiant

1207 1834 1276 1897 et
1310 1823 1756 1922 qaodcunque
1791 1823 2011 1920 faeis²
2048 1847 2191 1896 ana
2225 1822 2636 1921 despiciant.

912 1944 1057 2018 255
1305 1940 1685 2015 Preeamur
1719 1950 1787 2013 te
1824 1950 2014 2013 tuam
2045 1963 2329 2013 servare
2364 1942 2666 2012 animam

1206 2067 1274 2130 et
1299 2056 1570 2154 plebem
1603 2056 1847 2153 fuqere
1881 2057 1984 2130 sic
2014 2055 2524 2128 indomabilem.

1303 2175 1571 2245 Eorum
1605 2169 1943 2267 precibus
1978 2169 2269 2298 allechbs
2304 2168 2629 2268 pontifex

1206 2294 1578 2385 peccatum
1612 2285 1885 2360 heresis
1921 2284 2054 2359 sibi
2091 2285 2460 2360 confessus
2494 2296 2630 2375 est,

1300 2401 1583 2498 fideque
1620 2401 1952 2499 promisit
1987 2425 2230 2476 coram
2267 2403 2672 2501 presulibus

909 2522 1055 2597 260
1205 2514 1400 2614 quod
1436 2533 1580 2591 non
1616 2517 1983 2615 presulare
2020 2517 2295 2592 curabit
2331 2518 2634 2618 amplius
2672 2546 2689 2592 ι

1302 2634 1438 2707 hoc
1471 2640 1751 2707 tantum
1785 2633 2140 2733 supplicat
2175 2634 2709 2733 archiepiscopo

1203 2758 1282 2824 ut
1318 2749 1689 2848 permittat
1722 2775 1888 2825 eum
1926 2751 1999 2824 in
2037 2750 2402 2851 episcopio

1297 2890 1554 2964 capere
1589 2875 1931 2967 quantam
1968 2876 2213 2966 posset
2248 2867 2624 2966 pecuniam

1203 3007 1427 3080 usque
1461 2982 1552 3056 ad
1590 2981 1903 3057 futuram
1940 2991 2110 3056 tunc
2144 2982 2640 3081 Epiphaniam.

907 3102 1053 3177 265
1298 3098 1486 3174 Infra
1521 3125 1738 3198 quam
1773 3098 2097 3174 concedit
2129 3100 2706 3200 archiepiscopus

1202 3224 1283 3291 ut
1317 3240 1395 3290 se
1430 3215 1856 3290 intromittat
1890 3216 1982 3290 de
2017 3216 2225 3291 bonis
2261 3216 2616 3304 omnibuS‚

1300 3329 1427 3404 sed
1465 3354 1606 3403 non
1641 3339 2006 3404 remaneat
2040 3330 2115 3404 in
2153 3329 2518 3429 episcopio

1201 3445 1407 3521 istius
1441 3445 1771 3544 permissi
1810 3444 1926 3519 die
1963 3446 2336 3545 preterito.

1298 3567 1449 3638 Hoc
1484 3561 1814 3662 ignorant
1849 3587 1990 3637 non
2029 3562 2235 3637 nulli³
2273 3560 2596 3637 homines

906 3680 1053 3755 270
1203 3677 1335 3753 nisi
1372 3676 1493 3776 qui
1533 3676 1818 3752 fuerunt
1853 3677 2169 3777 quinque
2206 3676 2601 3776 pontifices,

1299 3797 1627 3868 Statuunt
1662 3793 1881 3893 igitur
1915 3803 1996 3868 ut
2028 3794 2166 3868 hoc
2201 3792 2558 3891 sepultum
2592 3793 2687 3868 sit

1202 3909 1431 3984 donec
1469 3910 1847 4010 impositus
1882 3911 2038 3986 dies
2074 3911 2469 3985 advenerit.

981 4107 1031 4162 1.
1072 4122 1175 4177 que
1199 4106 1491 4161 dicuntur.
1523 4104 1574 4161 11
1604 4124 1640 4178 y
1667 4105 1823 4163 avait
1848 4105 2081 4164 d'abord
2111 4104 2256 4162 dans
2284 4105 2340 4163 le
2370 4123 2481 4163 ms,
2511 4123 2626 4178 qua
2652 4109 2934 4163 dicautur.

979 4195 1034 4252 2.
1073 4198 1233 4265 sacis.
1266 4194 1429 4253 Dans
1456 4194 1512 4251 le
1539 4213 1649 4252 ms.
1682 4195 1995 4254 au-dessus
2023 4194 2096 4253 de
2124 4194 2184 4253 la
2210 4194 2385 4268 ligne.

981 4282 1035 4340 3.
1078 4301 1191 4341 non
1221 4287 1388 4351 nulli,
1422 4283 1779 4342 c’est-a-dire
1810 4291 1945 4340 tous.
