3558 5493
1302 591 1640 645 cunnum,
2465 590 2528 642 99

852 731 927 798 et
959 722 1268 797 latrones
1304 722 1841 822 dampnaverat,

418 845 559 916 567
954 864 1204 915 omnes
1239 839 1530 936 quidem
1567 848 1813 914 contra
1847 837 2043 913 illum

854 955 1043 1057 ligati
1080 980 1213 1054 per
1248 955 1643 1055 conjurium

853 1071 1287 1148 abstulerant
1322 1071 1759 1171 presulatum

851 1187 987 1264 sibi
1023 1188 1660 1264 Cameracensium.

416 1307 556 1378 568
947 1307 1038 1378 Et
1070 1303 1207 1379 hoc
1241 1328 1462 1404 grave
1499 1302 1633 1379 sibi
1670 1312 1826 1379 erat

852 1420 1047 1519 quod
1084 1444 1426 1519 umquam
1459 1419 1944 1520 presulaverat
1984 1444 2000 1491 t

852 1560 1018 1610 nam
1053 1536 1355 1635 proinde
1390 1534 1801 1634 perdiderat

852 1649 1186 1749 quicquid
1225 1658 1390 1725 ante
1421 1658 1772 1725 tenuerat.

416 1771 557 1842 569
947 1766 1238 1842 Miratur
1271 1765 1702 1864 apostolicus

852 1881 945 1957 de
982 1880 1302 1958 Galcheri
1339 1879 1702 1955 laboribus
1742 1906 1759 1952 τ

853 1997 1046 2073 dolet
1082 1996 1276 2095 quod
1314 1996 1425 2071 vir
1459 2005 1609 2071 tam
1644 1993 1960 2095 optimus

851 2112 981 2189 fuit
1020 2137 1359 2212 umquam
1395 2111 1763 2210 depositus
1779 2111 1833 2184 ¹.
2043 2099 2047 2103 ’

417 2234 555 2305 570
950 2228 1080 2319 Qui
1117 2228 1453 2326 quoniam
1488 2252 1628 2301 non
1668 2225 1902 2325 potuit

852 2343 1026 2420 dum
1062 2344 1301 2442 presul
1340 2342 1492 2420 Odo
1528 2342 1754 2444 viguit

850 2459 1221 2535 occasione
1257 2459 1408 2535 utili

850 2576 1229 2674 episcopus
1263 2575 1564 2664 restitui,

414 2695 543 2768 571
949 2691 1296 2768 concessit
1330 2717 1516 2791 papa
1551 2690 1760 2766 aliam

852 2809 989 2884 sibi
1024 2809 1583 2884 misericordiam

850 2931 1151 3023 propter
1187 2922 1338 3023 ejus
1373 2921 1808 3023 recognitam

848 3038 1287 3139 paupertatis
1323 3038 1706 3112 miseriam.

414 3158 558 3234 572
949 3153 1209 3230 Reddit
1243 3152 1339 3228 illi
1376 3152 1759 3240 custodias,

849 3268 1157 3344 honores
1192 3278 1265 3343 et
1299 3268 1669 3343 canonicas

851 3393 924 3458 et
958 3382 1296 3483 quicquid
1334 3383 1405 3457 in
1446 3381 1739 3457 ecclesia

852 3499 1171 3574 nondum
1206 3499 1446 3597 presul
1485 3498 1856 3575 habuerat.
2086 3567 2093 3574 .

415 3618 508 3688 57
513 3618 557 3687 3
949 3618 1041 3689 Ut
1074 3622 1309 3689 ratum
1348 3613 1440 3686 sit
1475 3613 1669 3711 quod
1705 3610 2018 3688 reddidit

849 3738 1117 3806 cartam
1153 3756 1341 3830 papa
1377 3730 1776 3828 composuit

848 3855 922 3922 et
957 3846 1188 3948 sigillo
1226 3844 1592 3921 roboravit

487 4072 539 4130 1.
577 4073 640 4131 Si
681 4080 806 4132 tout
848 4091 913 4133 ce
953 4075 1095 4133 tecit
1135 4081 1225 4133 est
1268 4074 1413 4146 vrai,
1444 4106 1511 4116 —
1542 4090 1638 4132 car
1676 4073 1754 4133 ici
1799 4090 2004 4133 encore
2050 4090 2167 4133 une
2213 4072 2324 4132 fois
2368 4079 2533 4146 notre

412 4169 623 4219 auteur
647 4162 850 4220 n'ecrit
875 4181 1011 4221 sans
1038 4162 1212 4222 doute
1239 4181 1351 4238 qne
1378 4163 1602 4238 d'apres
1641 4180 1707 4222 ce
1743 4162 1884 4239 qu'il
1918 4180 1954 4221 a
1990 4162 2244 4222 entendu
2273 4167 2533 4220 raconter

412 4265 517 4324 par
543 4249 829 4327 Gancber,
858 4283 920 4294 —
956 4251 998 4309 il
1026 4251 1150 4310 faut
1175 4253 1297 4311 dire
1324 4270 1437 4328 que
1473 4251 1527 4311 le
1565 4269 1709 4328 pape
1745 4269 1822 4310 ne
1858 4269 1922 4310 se
1961 4258 2191 4310 montra
2225 4267 2329 4326 pas
2365 4264 2532 4308 avare

415 4355 622 4398 envers
648 4339 884 4400 celui-ci
911 4341 1077 4401 d'eau
1105 4341 1297 4401 benite
1326 4343 1397 4402 de
1425 4360 1583 4416 conr,
1612 4342 1761 4400 mais
1789 4357 1902 4416 que
1931 4356 1995 4399 ce
2023 4340 2113 4397 fut
2143 4346 2290 4398 tout.
