3558 5493
1451 565 1793 620 estonum.
2613 572 2676 623 23

994 710 1159 801 post
1195 700 1322 776 Dei
1359 698 1877 776 sustinentiam.

567 822 693 898 42⁴
1101 821 1293 907 Quos
1327 816 1534 891 donis
1570 815 1819 914 nequit
1853 815 2179 915 frangere

998 933 1369 1033 frangebat
1403 930 1819 1007 fortitudine

998 1057 1072 1124 et
1107 1071 1289 1146 quos
1322 1071 1466 1122 non
1501 1046 1692 1122 valet
1724 1068 2023 1121 munere

1001 1164 1072 1238 vi
1109 1162 1477 1238 laborabat
1511 1162 1824 1236 vincere.

565 1281 707 1359 422
1099 1285 1296 1354 Nune
1331 1277 1598 1354 assultu
1634 1286 1708 1353 et
1741 1278 2003 1378 gladio,

1003 1419 1189 1469 nuno
1224 1393 1410 1468 fame
1446 1402 1519 1467 et
1556 1394 1884 1468 incendio

999 1510 1313 1583 terrebat
1351 1508 1592 1583 hostes
1626 1508 1999 1607 improbos

1003 1625 1379 1700 auxiliante
1416 1623 1744 1699 Domino.
1903 1704 1908 1711 ,

566 1742 705 1818 123
1101 1740 1279 1816 Goih
1315 1748 1629 1815 casu-um
1665 1739 1860 1838 quod
1895 1740 2124 1816 suerat

1000 1856 1219 1931 situm
1256 1854 1328 1928 in
1360 1855 1790 1955 arrogantia,

1008 1972 1196 2069 oepit
1232 1970 1422 2044 idem
1457 1971 1532 2043 vi
1567 1970 1878 2045 maxima

1005 2086 1128 2162 Dei
1158 2085 1451 2186 juvante
1488 2085 1742 2185 gratia.

568 2204 711 2280 ⁴24
1102 2201 1208 2278 lbi
1242 2227 1418 2276 vero
1456 2201 1919 2287 Amolrieum‚

1006 2317 1365 2417 quendam
1401 2341 1694 2393 suorum
1732 2317 2071 2405 hostium,

1008 2442 1297 2532 captum
1334 2432 1527 2511 misit
1562 2432 1634 2506 in
1672 2432 2060 2519 vinculum,

1005 2557 1256 2623 tenens
1291 2573 1426 2646 per
1461 2572 1727 2623 annum
1763 2548 2146 2648 integmm.

571 2668 712 2744 ⁴25
1104 2668 1327 2755 Quem
1364 2663 1727 2738 horrendo
1764 2664 1836 2736 in
1873 2686 2156 2738 earcere

1011 2781 1223 2880 longo
1261 2780 1678 2855 distractum
1714 2789 2041 2878 tempore

1008 2893 1311 2993 penituit
1345 2893 1649 2970 malitiae

1010 3034 1226 3109 quam
1259 3010 1522 3084 fecerat
1556 3008 1958 3083 aecclesiae.

573 3130 714 3205 ⁴26
1106 3126 1419 3202 Tandem
1456 3126 1726 3200 solutus
1762 3124 2062 3200 vinculis

1006 3250 1219 3339 atque
1255 3241 1504 3315 dolore
1540 3239 1869 3329 carceriS,

1007 3357 1268 3432 mansit
1302 3358 1376 3431 in
1411 3358 1555 3433 fide
1593 3357 1865 3433 stabilis

1011 3474 1278 3549 Galoeri
1314 3474 1549 3574 magni
1587 3474 1985 3574 principis¹.

646 3697 697 3752 1.
738 3694 791 3751 11
816 3711 891 3752 ne
918 3694 1024 3753 dut
1048 3694 1349 3753 dementer
1375 3694 1544 3753 fidele
1571 3712 1685 3769 que
1711 3696 1849 3753 bien
1880 3710 1994 3768 peu
2023 3694 2096 3753 de
2125 3700 2314 3766 temps
2346 3712 2358 3751 :
2399 3709 2497 3752 ear
2536 3693 2577 3750 il
2619 3711 2695 3752 ne

572 3791 712 3857 peut
755 3784 916 3842 avoir
960 3783 1051 3841 ete
1099 3783 1202 3841 fait
1250 3783 1577 3858 prisonnier
1622 3801 1734 3859 que
1782 3783 1928 3841 dans
1974 3783 2028 3841 le
2076 3790 2315 3842 conrant
2359 3781 2436 3841 du
2482 3783 2696 3841 second

575 3877 852 3929 semestre
880 3872 951 3929 de
982 3872 1118 3932 1094
1148 3881 1359 3947 (comp.
1390 3872 1522 3945 plus
1542 3872 1684 3929 haut
1703 3889 1758 3945 p.
1783 3871 1874 3942 20,
1898 3878 2019 3930 not.
2046 3873 2121 3946 1),
2143 3878 2220 3942 et,
2243 3872 2407 3929 etant
2423 3870 2697 3930 demeure

574 3976 648 4017 en
677 3960 875 4033 prison
911 3977 1028 4017 une
1067 3959 1254 4018 annes
1298 3961 1520 4018 entiere
1548 3960 1755 4034 (comp.
1797 3966 1901 4016 str.
1940 3961 2092 4031 124),
2133 3959 2175 4017 il
2202 3959 2297 4019 n’a
2339 3959 2432 4017 ete
2472 3959 2585 4017 mis
2621 3976 2694 4017 en

573 4047 776 4105 liberte
802 4063 914 4121 que
941 4064 1070 4105 vers
1100 4048 1157 4106 la
1182 4048 1264 4106 fin
1290 4048 1362 4106 de
1381 4050 1518 4107 1095
1542 4056 1602 4106 et
1628 4065 1731 4122 par
1755 4048 2114 4122 eonsequent
2138 4065 2251 4122 peu
2279 4054 2454 4108 avant
2481 4047 2537 4104 le
2566 4064 2697 4106 eon·

575 4136 683 4196 cile
712 4136 783 4196 de
810 4136 1121 4196 Clermont.
1155 4137 1255 4212 Or,
1283 4139 1529 4197 aussitot
1546 4139 1711 4212 apres
1731 4137 1790 4196 la
1809 4137 2130 4211 deposition
2160 4137 2232 4196 de
2259 4137 2527 4196 Gaucher
2552 4136 2696 4194 dans

578 4244 642 4286 ee
670 4227 908 4300 eoncile,
929 4244 1075 4286 nous
1104 4228 1157 4285 le
1185 4244 1423 4286 verrens
1453 4244 1515 4284 se
1538 4227 1763 4302 joindre
1791 4226 1863 4285 de
1892 4244 2155 4287 nouveau
2184 4243 2295 4283 aux
2325 4226 2589 4284 ennemis
2617 4224 2694 4282 du

578 4317 762 4391 prelat
791 4323 995 4391 (comp.
1026 4317 1157 4391 plus
1184 4317 1285 4375 bas
1312 4326 1414 4375 stt.
1447 4316 1552 4375 226
1581 4318 1775 4390 saiw).
