3558 5493
1447 540 1787 595 omnum.
2619 547 2675 598 13

992 677 1118 752 sed
1153 684 1448 752 ventum
1483 684 1595 751 est
1625 677 1717 751 ad
1749 675 2091 777 gladium,

991 793 1083 868 ad
1116 793 1379 892 predas
1412 801 1487 868 et
1521 792 1951 867 incendium.

602 914 694 983 68
1088 913 1454 986 Fmstmto
1491 906 1683 983 enim
1712 912 2028 983 Manasse

992 1048 1216 1123 penas
1250 1024 1487 1099 ferunt
1521 1021 1899 1099 aecclesiae

993 1139 1424 1238 quicumque
1457 1145 1765 1237 possunt
1797 1137 2105 1212 maxime

992 1263 1143 1329 tam
1175 1254 1403 1330 verbo
1438 1279 1656 1353 quam
1689 1261 1763 1329 et
1798 1278 2044 1352 opere.

608 1372 699 1443 69
1091 1374 1268 1444 Nam
1301 1376 1547 1445 tenent
1583 1368 1979 1460 solidarios,

993 1493 1239 1560 tenent
1273 1485 1584 1561 latrones
1615 1484 1974 1576 horridos,

992 1601 1518 1700 depopulantur
1552 1600 1871 1690 clericos,

993 1725 1285 1816 captant
1302 1717 1511 1792 'cives
1546 1724 1619 1790 et
1652 1717 1985 1791 rusticos.

603 1836 696 1906 70
1091 1838 1381 1910 vastant
1416 1832 1618 1906 villas
1653 1839 1729 1906 et
1763 1831 2041 1930 predia,

996 1946 1186 2022 bona
1220 1956 1648 2023 consumunt
1680 1946 1944 2036 omnia,

997 2062 1069 2136 in
1104 2063 1237 2138 hac
1272 2064 1536 2163 ubique
1569 2063 1799 2163 patria

996 2178 1120 2252 vix
1154 2187 1475 2255 remanet
1508 2180 1845 2280 agricola.

557 2418 932 2502 Qualiter
957 2418 1544 2486 Atrebatensls
1572 2417 1997 2486 aecclesia.
2018 2433 2073 2485 a.
2100 2418 2681 2487 cameracensi

644 2526 761 2594 sit
813 2527 1091 2594 invisa.
1152 2526 1238 2593 et
1302 2528 1404 2593 de
1459 2526 1902 2594 Lamberto
1966 2526 2231 2608 primo
2306 2526 2680 2609 ejusdem

646 2632 1019 2700 civitatis
1064 2631 1481 2715 episcopo.

606 2847 690 2917 7⁴
1100 2842 1341 2942 Surgit
1375 2842 1445 2915 in
1484 2867 1571 2916 eo
1606 2850 1935 2939 tempore

994 2966 1357 3033 crescente
1391 2957 1463 3031 vi
1501 2957 1897 3031 discordiae

995 3073 1160 3148 huic
1195 3074 1404 3147 matri
1443 3072 1821 3146 aecclesiae

995 3187 1261 3263 malum
1292 3186 1785 3262 inestimabile.

599 3306 696 3381 72
1088 3308 1238 3378 Hoc
1272 3304 1462 3378 enim
1499 3303 1683 3377 inter
1707 3302 2026 3404 jurgium

984 3419 1172 3518 apud
1210 3420 1466 3494 urbem
1501 3419 1949 3494 Attrebatum

999 3545 1288 3611 sumunt
1325 3559 1576 3611 omnes
1608 3533 1977 3609 consilium

878 3729 889 3742 ι
999 3650 1300 3751 eligendi
1340 3651 1758 3749 episcopum
1773 3654 1794 3693 ¹
1811 3705 1827 3724 .

559 3925 712 3984 C’est
737 3925 1128 3985 evidemment
1154 3941 1270 3982 une
1297 3924 1527 3998 disputa
1553 3923 1833 3997 violente,
1876 3930 1936 3982 et
1972 3940 2075 3999 pas
2110 3924 2188 3982 du
2227 3931 2353 3982 tout
2381 3923 2677 3999 poetique,

559 4014 660 4088 qui
685 4021 776 4071 est
803 4017 1074 4089 marquee
1104 4029 1207 4087 par
1233 4028 1299 4070 ce
1327 4020 1531 4086 terme,
1553 4029 1665 4087 que
1684 4027 1834 4088 nous
1863 4019 2138 4071 trouvons
2166 4011 2432 4086 employe
2458 4028 2543 4068 un
2570 4027 2682 4086 peu

561 4102 691 4176 plus
718 4103 821 4161 has
849 4105 926 4177 (p.
959 4102 1088 4175 512,
1118 4102 1157 4160 1.
1191 4103 1275 4176 51)
1309 4102 1453 4160 dans
1480 4101 1535 4159 le
1563 4105 1758 4160 meme
1787 4118 1941 4159 sens.

632 4192 684 4247 1.
725 4189 1033 4248 L'histoire
1060 4189 1139 4248 du
1165 4190 1628 4248 reublissement
1657 4188 1733 4246 du
1764 4189 1925 4262 siege
1953 4187 2245 4261 episcopal
2260 4187 2499 4244 d’Arras
2517 4186 2683 4260 apres

560 4278 619 4338 la
643 4287 797 4338 mort
822 4279 893 4337 de
914 4279 1130 4337 Gerard
1154 4279 1234 4352 11,
1266 4296 1403 4337 avec
1428 4277 1515 4337 les
1542 4278 1734 4353 pieces
1763 4276 2062 4337 officielles
2089 4277 2187 4351 qui
2218 4277 2305 4352 s'y
2330 4281 2681 4349 rapportent,
