3558 5493
514 897 658 968 357

516 1360 657 1430 358

516 1820 656 1891 359

514 2282 657 2352 360

517 2742 644 2815 364

518 3204 660 3280 362

517 3666 660 3759 363

1398 528 1736 583 enom.

949 661 1050 736 ita
1084 661 1278 759 quod
1313 685 1485 737 rura
1519 662 1753 737 omnia

947 786 1121 854 ωηο
1153 786 1651 853 remanserunt
1682 802 1909 855 vacua

1047 893 1141 969 de
1175 901 1533 970 terrarum
1566 894 1957 970 cultoribus

948 1017 1163 1108 abque
1199 1009 1291 1085 de
1328 1009 1766 1100 mulieribus,

950 1124 1041 1199 de
1078 1125 1307 1224 equis,
1348 1124 1608 1214 vaccis,
1649 1125 1930 1215 ovibus,

948 1239 1170 1314 immo
1205 1241 1296 1317 de
1331 1240 1540 1316 bonis
1575 1241 1934 1318 omnibus,

1047 1356 1236 1430 Fecit
1269 1355 1465 1435 viros
1501 1364 1572 1432 et
1608 1357 1930 1448 feminas,

947 1478 1098 1546 tam
1132 1470 1442 1570 pupillos
1477 1497 1694 1571 quam
1728 1472 2009 1564 viduas,

948 1586 1351 1661 mendicare
1385 1611 1520 1686 per
1556 1588 1921 1685 proximas

949 1701 1200 1777 urbcs¹
1240 1710 1315 1777 et
1349 1726 1483 1801 per
1517 1710 1915 1779 exis-aneas.

1047 1818 1162 1893 Sic
1195 1817 1484 1893 ruribus
1518 1818 1881 1917 dissipatis

950 1932 1350 2034 fugatisque
1383 1933 1710 2034 agricolis

950 2057 1033 2124 ut
1066 2048 1201 2123 ista
1235 2049 1412 2124 urbs
1447 2048 1797 2123 continuis

952 2172 1396 2263 premeretur
1428 2165 1796 2264 angustiis,

1049 2280 1360 2354 firmavit
1396 2304 1634 2354 comes
1670 2278 2018 2379 oppidum

950 2394 1142 2493 apud
1176 2394 1414 2469 villam
1449 2395 1932 2471 Marchonium

934 2509 1055 2585 ‚sic
1088 2509 1249 2585 urbi
1285 2519 1447 2585 ante
1484 2511 1800 2609 positum

951 2623 1148 2723 quod
1185 2624 1318 2699 sibi
1354 2624 1538 2699 tollit
1571 2625 1868 2715 exitum,

1047 2739 1371 2840 tollitque
1405 2740 1579 2815 foris
1615 2741 1852 2816 omnia

949 2855 1354 2956 hujusmodi
1393 2856 1689 2945 venalia,

952 2997 1237 3070 panem,
1280 2996 1593 3060 carnem,
1637 2971 1767 3061 sal,
1811 2997 2130 3063 nemora,

949 3086 1223 3174 vinum,
1261 3085 1532 3161 fructus
1568 3095 1641 3161 et
1676 3094 1939 3162 cetera.

1049 3205 1226 3279 Cum
1260 3227 1433 3303 ergo
1469 3203 1663 3278 cives
1698 3204 2012 3303 undique

952 3317 1198 3392 vident
1232 3318 1475 3393 hostes
1510 3320 1803 3394 affluere

953 3457 1086 3508 nec
1119 3433 1424 3531 aliquem
1459 3459 1878 3512 succurrere

953 3546 1045 3623 de
1080 3547 1531 3647 imperatoris
1566 3559 1798 3649 parte,

1051 3673 1213 3739 ante
1251 3666 1668 3741 Galcherum
1703 3667 2061 3766 presulem

951 3788 1212 3880 negant
1248 3782 1447 3856 urbis
1485 3781 1879 3857 custodiam

950 3895 1083 3970 nisi
1122 3897 1489 3995 'perquirat
1523 3897 1830 3995 aliquem

952 4009 1073 4108 qui
1109 4019 1307 4087 retro
1343 4012 1541 4112 fuget
1575 4011 1937 4087 comitem.

587 4265 638 4323 1.
675 4267 856 4324 urbes.
887 4265 1048 4324 Dans
1075 4265 1130 4325 le
1156 4283 1268 4326 ms.
1296 4267 1604 4327 au-dessus
1632 4268 1703 4326 de
1731 4266 1789 4326 la
1815 4268 1993 4341 ligne.
