3558 5493
1398 523 1672 577 NlooLAl.

914 669 987 735 et
1023 659 1283 757 quibus
1317 660 1557 759 presul
1592 658 1888 734 credere

914 775 1006 851 de
1041 775 1355 874 perfecta
1394 774 1619 874 possit
1652 798 1855 872 pace.

476 889 624 967 219
1014 895 1193 965 Ecce
1228 888 1437 965 simul
1471 888 1902 964 conveniunt

919 1006 1187 1104 presul,
1227 1009 1494 1105 Symon
1529 1004 1621 1080 ad
1656 1003 2031 1079 Thumium
2076 1031 2093 1076 ε

915 1107 1127 1196 offert
1161 1122 1403 1220 presul
1442 1121 1615 1195 dare
1652 1128 1993 1208 castrum,

915 1238 1181 1335 Symon
1217 1236 1463 1335 nequit
1498 1235 1700 1333 sequi
1738 1244 2054 1334 pactum.

476 1355 621 1430 250
1014 1355 1190 1426 Nam
1224 1351 1316 1425 de
1355 1350 1609 1425 casatis
1646 1349 1979 1425 omnibus

915 1474 990 1541 et
1022 1467 1328 1565 presulis
1361 1465 1767 1541 hominibus

921 1608 1066 1658 non
1098 1584 1253 1658 vult
1287 1608 1443 1658 esse
1475 1582 1688 1657 obses
1721 1605 1907 1657 unus

917 1722 1055 1796 pro
1090 1697 1421 1798 Symonis
1457 1695 1921 1795 profectibus.

478 1815 609 1892 25⁴
1017 1813 1380 1888 Adductos
1416 1837 1659 1888 secum
1693 1811 1955 1886 milites

918 1929 1129 2003 offert
1163 1932 1429 2029 Symon
1466 1929 1539 2002 in
1576 1927 1891 2016 obsides,

917 2043 1044 2119 sed
1082 2043 1175 2119 ad
1211 2053 1441 2119 tantas
1477 2044 1899 2143 sponsiones

918 2185 1176 2258 parum
1210 2169 1413 2236 erant
1449 2159 1850 2234 credibiles.

477 2277 625 2355 252
1017 2274 1224 2350 1nde¹
1265 2283 1477 2375 capto
1512 2273 1807 2349 consilio

916 2416 1048 2490 per
1084 2391 1380 2466 clericos
1416 2400 1489 2466 et
1522 2391 1738 2465 laicos

920 2507 1132 2580 offert
1166 2506 1461 2582 antistes
1496 2506 1718 2581 tercio

918 2620 1284 2696 castellum
1318 2621 1560 2720 nepoti
1598 2645 1755 2696 suo.

478 2738 623 2816 253
1016 2741 1322 2816 Vocatus
1358 2739 1621 2835 Symon
1658 2734 1920 2810 totiens

916 2861 1372 2926 revocantem
1404 2850 1802 2950 despiciens

920 2992 1063 3041 non
1098 2968 1254 3043 vult
1288 2965 1534 3043 audire
1568 2966 1932 3065 presulem

918 3107 1052 3158 nec
1088 3110 1130 3158 a
1166 3108 1244 3157 se
1278 3082 1578 3157 missum
1613 3082 2049 3180 quempiam.

479 3199 628 3277 254
1018 3204 1144 3275 Est
1175 3208 1422 3298 presto
1453 3198 1697 3298 presul
1732 3197 2062 3284 reddere,

916 3323 1163 3413 presto
1195 3315 1818 3416 Symonrecipere
1863 3341 1879 3387 :

919 3430 1047 3505 sed
1085 3430 1373 3506 obsides
1408 3430 1707 3507 fiduciae

921 3571 1066 3621 non
1102 3547 1435 3623 videntur
1469 3550 1821 3622 sufficere.

617 3773 848 3856 Quod
882 3773 1522 3844 cameracenses
1562 3774 1945 3842 oomltem
1978 3772 2466 3841 Baldulnum

882 3881 1041 3947 sibi
1078 3882 1612 3950 adsciverunt
1647 3881 1733 3947 in
1770 3880 2193 3949 auxilium.

482 4073 629 4151 255
962 4038 967 4043 .
1025 4076 1231 4154 Vadit
1266 4080 1528 4177 Symon
1565 4075 1947 4195 iracundus

558 4273 611 4329 1.
651 4270 737 4329 La
763 4269 982 4346 syllaba
1010 4273 1075 4328 de
1102 4279 1193 4330 est
1218 4271 1364 4331 dans
1392 4272 1446 4330 le
1472 4288 1583 4329 ms.
1615 4270 1916 4329 au·dessus
1945 4271 2017 4330 de
2047 4271 2102 4328 la
2132 4270 2308 4415 lignis.

2285 4362 2317 4418 4
