3558 5493
1429 588 1822 642 nummum.
1854 589 1890 641 Ι.
2632 596 2719 650 115

599 725 911 801 rumoris
956 723 1180 799 odore
1229 748 1366 822 pro
1415 748 1659 803 amore
1709 733 2011 823 paterno
2066 725 2135 799 in
2185 725 2337 825 ejus
2386 728 2722 807 nimirum

597 841 951 917 animatur
975 839 1264 916 auxilio.
1306 844 1531 931 Quem
1557 840 1721 915 ideo
1749 840 2075 939 protinus
2100 841 2516 921 mandatum
2542 846 2725 925 suis-

596 982 736 1056 que
773 956 1028 1032 litteris
1061 956 1442 1045 munitum,
1485 980 1651 1031 cum
1679 955 1873 1033 bona
1907 980 2036 1054 spe
2072 966 2147 1031 et
2180 957 2434 1057 grandi
2469 959 2723 1036 fiducia

597 1071 1060 1172 mwpemndi
1081 1129 1099 1161 ‚
1168 1071 1435 1147 domno
1499 1071 1895 1149 transmisit
1957 1097 2143 1170 pape
2203 1073 2462 1151 Pascali
2475 1130 2492 1148 .
2560 1081 2726 1153 Mox

593 1198 937 1289 operante
973 1193 1120 1265 Deo
1156 1197 1232 1262 et
1265 1187 1779 1287 archiepiscopi
1814 1188 2222 1265 testimonio
2237 1246 2257 1277 ,
2313 1189 2534 1266 immo
2571 1191 2725 1291 ejus

591 1305 912 1393 consilio,
955 1303 1148 1404 apud
1184 1303 1422 1403 ipsum
1457 1328 1719 1403 papam
1748 1305 2105 1381 Pascalem
2142 1307 2491 1402 quesitam
2527 1307 2724 1383 inve-

594 1420 699 1495 nit
739 1420 1045 1521 gmtiom
1090 1427 1164 1495 et
1205 1419 1803 1497 misericordiam⁴
1820 1478 1836 1495 .
1892 1424 2426 1519 Reversumque
2471 1450 2515 1498 a
2558 1448 2724 1523 pre-

593 1537 818 1612 sentia
868 1560 1055 1635 pape
1113 1534 1304 1609 idem
1355 1535 1930 1635 archiepiscopus
1980 1535 2285 1637 benigne
2333 1539 2605 1638 recepit
2648 1547 2726 1615 et

593 1659 935 1751 precepto
971 1650 1293 1750 ejusdem
1328 1651 1698 1749 apostolici
1734 1653 1809 1725 in
1845 1653 2131 1729 nomine
2168 1655 2447 1729 Domini
2494 1655 2724 1754 pridie

592 1792 815 1843 nonas
846 1765 1065 1866 junii²
1111 1765 1621 1843 honorabiliter
1664 1765 1909 1841 Remis
1956 1768 2467 1843 consecravitss.
2517 1771 2725 1845 Deni-

591 1909 732 1982 que
754 1883 1215 1958 confirmatus
1237 1880 1309 1955 in
1340 1881 1727 1980 pontificali
1752 1883 2070 1981 potentia
2093 1885 2450 1960 Cameraci
2477 1909 2725 1984 recep-

591 2007 708 2074 tus
744 2007 854 2073 est
889 2022 1056 2073 cum
1088 1998 1365 2072 honore
1401 1996 1645 2074 debito
1691 2007 1763 2072 et
1806 1999 2102 2075 solemni
2144 2001 2371 2076 leticia
2387 2059 2405 2091 ‚
2450 2003 2723 2101 positus

591 2124 633 2186 a*
669 2115 902 2214 legato
937 2122 1179 2188 sancte
1215 2114 1636 2212 metropolis
1673 2113 1748 2189 in
1786 2116 2126 2213 pastorali
2165 2117 2524 2193 cathedra.

691 2242 772 2309 3.
854 2241 933 2311 In
986 2236 1223 2336 primo
1274 2238 1491 2339 igitur
1541 2262 1755 2313 curae
1809 2240 2182 2337 pastoralis
2235 2241 2521 2342 negotio
2571 2242 2726 2341 ipse

591 2353 1044 2428 Burchardus
1079 2352 1397 2451 pontifex
1420 2353 1862 2452 praefectus‘*
1887 2382 1928 2430 a
1949 2356 2275 2447 Domino,
2309 2358 2505 2434 venit
2539 2357 2725 2433 inter

593 2469 971 2544 canonicos
1008 2469 1190 2544 sicut
1225 2477 1431 2568 pater
1466 2470 1654 2545 inter
1685 2471 1869 2545 filios
1887 2529 1906 2561 ‚
1950 2472 2134 2548 sicut
2169 2472 2503 2549 dominus
2538 2474 2725 2549 inter

592 2609 869 2675 servos,
907 2585 1093 2660 sicut
1124 2585 1467 2686 magister
1501 2586 1687 2660 inter
1714 2586 2138 2685 discipulos;
2177 2589 2420 2688 sicque
2449 2591 2724 2666 locutus

590 2711 700 2776 est
736 2700 827 2776 sd
865 2725 991 2777 eos
1035 2729 1052 2776 ε
1097 2701 1492 2793 Rem-issimi,
1537 2713 1798 2801 oportet
1837 2728 1962 2778 nos
1979 2762 1996 2793 ‚
2041 2706 2161 2803 qui
2203 2730 2412 2805 super
2453 2707 2723 2782 domum

591 2817 720 2892 Dei
767 2819 1150 2917 episcopale
1198 2822 1619 2916 suscepimus
1667 2822 2128 2895 ministerium
2143 2878 2161 2910 ‚
2215 2847 2303 2897 ne
2346 2823 2724 2898 dormitan-

594 2934 772 3008 tibus
808 2934 1002 3008 nobis
1039 2934 1317 3008 silentio
1354 2932 1806 3008 subtrahatur
1843 2960 1888 3010 a
1927 2937 2115 3011 vobis
2148 2939 2328 3034 quod
2365 2939 2723 3013 animabus

588 3053 839 3124 vestris
873 3052 968 3123 sit
1003 3051 1495 3125 necessarium.
1537 3050 1640 3125 Ad
1683 3049 1808 3126 hoe
1840 3054 2016 3126 enim
2056 3055 2452 3128 transmissi
2485 3078 2721 3129 sumus

591 3189 634 3237 a
679 3165 964 3240 Domino
1009 3175 1077 3240 et
1125 3189 1170 3238 a
1218 3175 1449 3240 nostro
1499 3167 1896 3263 maqisterio
1947 3170 2274 3264 quatinus
2326 3193 2369 3241 a
2414 3169 2606 3244 nobis
2655 3180 2722 3244 et

580 3304 807 3379 prava
833 3284 1272 3379 corrigantur
1294 3291 1362 3357 et
1382 3282 1730 3357 salutaria
1753 3283 2220 3382 predicentur.
2267 3283 2460 3359 Vobis
2487 3287 2720 3384 itaque

663 3539 717 3595 1.
757 3535 1028 3595 L'auteur
1056 3539 1350 3612 supprime
1379 3540 1454 3596 ici
1492 3539 1788 3613 beaucoup
1816 3539 1888 3597 de
1917 3538 2127 3597 details
2154 3540 2461 3614 consignes
2490 3541 2635 3599 dans
2664 3543 2719 3599 la

593 3626 840 3685 seconde
869 3626 983 3684 Vie
1010 3627 1083 3685 de
1110 3627 1429 3687 Burchard.

661 3716 714 3772 2.
757 3715 840 3773 Le
868 3716 901 3772 4
926 3716 1082 3789 juin,
1112 3717 1148 3773 ὲ
1177 3715 1235 3774 la
1262 3716 1376 3774 feto
1406 3715 1476 3775 de
1494 3717 1553 3775 S.
1582 3717 1813 3792 Quiriti,
1841 3719 1992 3776 ainsi
2020 3718 2162 3793 qu’il
2191 3727 2280 3777 est
2307 3722 2545 3796 mai-que
2574 3720 2716 3778 dans

589 3802 646 3860 la
666 3803 911 3861 seconde
932 3803 1047 3862 Vie
1081 3807 1197 3875 (εῖτ.
1224 3805 1333 3877 88).
1365 3805 1639 3865 L'auteur
1666 3805 1737 3864 de
1765 3806 2089 3866 laVersion
2108 3808 2388 3879 franceise
2408 3808 2544 3867 s'est
2570 3810 2718 3868 donc

589 3892 812 3967 trompe
840 3892 1097 3968 lorsqu’il
1126 3911 1162 3952 a
1189 3893 1275 3952 dit
1302 3912 1414 3969 que
1452 3893 1509 3953 la
1545 3896 1942 3955 consecration
1984 3896 2055 3955 de
2091 3897 2390 3957 Burchard
2434 3913 2496 3956 se
2536 3897 2603 3954 fit
2642 3916 2713 3956 au

587 3981 737 4039 mois
764 3981 837 4041 de
863 3985 1014 4040 Julle
1047 3983 1120 4056 (p.
1154 3983 1277 4056 521,
1311 4000 1371 4042 n.
1406 3984 1515 4058 33).

660 4070 712 4128 3.
754 4070 916 4129 Cotto
945 4071 1338 4130 consecration
1365 4080 1467 4131 eut
1495 4073 1612 4132 lieu
1642 4089 1716 4131 en
1748 4075 1921 4149 1116,
1952 4090 2176 4133 comme
2204 4091 2281 4133 on
2310 4081 2450 4149 peut
2485 4074 2537 4133 le
2573 4090 2712 4133 con-

588 4157 745 4216 clure
774 4158 845 4217 de
873 4176 938 4218 ce
966 4161 1067 4235 qui
1094 4168 1183 4218 est
1210 4161 1297 4219 dit
1324 4162 1456 4236 plus
1485 4163 1630 4222 haut
1656 4163 1692 4221 ὲ
1720 4162 1774 4221 la
1804 4163 1885 4221 fin
1913 4163 1991 4222 du
2020 4164 2113 4221 ch.
2148 4165 2174 4222 1
2209 4172 2268 4222 et
2296 4181 2520 4223 comme
2549 4164 2590 4220 il
2624 4171 2713 4223 est

590 4246 829 4322 mosque
857 4248 1290 4321 expressement
1317 4250 1461 4308 dans
1490 4251 1762 4310 Lambert
1790 4251 1861 4310 de
1888 4251 2183 4311 Watrelos
2215 4255 2287 4326 (p.
2323 4253 2464 4324 513).

661 4339 713 4394 4.
747 4336 908 4395 Dans
937 4336 991 4395 le
1019 4354 1128 4395 ms.
1157 4341 1446 4409 perfectus.
