3558 5493
937 605 1030 659 236
1889 605 2095 657 GRSTA

1377 739 1639 814 malum
1675 747 2004 814 occurret
2038 737 2288 814 simile.

1404 977 1529 1043 De
1574 991 1782 1059 pace
1825 975 2065 1043 nobis
2109 923 2582 1043 reformate.

945 1175 1086 1254 428
1479 1179 1645 1249 Post
1680 1175 1814 1249 hos
1849 1174 2160 1250 infelices
2195 1199 2399 1250 casus

1376 1291 1685 1366 occurrit
1720 1289 2011 1388 quidam
2049 1289 2335 1363 nuntius

1375 1406 1618 1483 dicens
1651 1404 1847 1503 quod
1885 1413 2038 1478 erat
2074 1413 2399 1480 mortuus

1376 1521 1764 1621 imperator
1800 1520 2206 1596 Lotharius¹

936 1639 1078 1717 429
1471 1647 1544 1713 et
1578 1636 1945 1713 Conradus
1981 1645 2413 1711 successerat

1374 1751 1466 1830 de
1504 1752 1728 1852 stirpe
1764 1761 1972 1828 natus
2012 1753 2206 1851 regia

1372 1867 1638 1942 electus
1672 1868 1796 1943 Dei
1833 1867 2061 1967 gratia

1373 1983 1463 2058 ad
1499 1983 1704 2084 regni
1738 1982 2241 2083 gubernacula.

938 2098 1081 2173 430
1474 2100 1605 2190 Qui
1639 2097 1933 2173 audiens
1967 2095 2375 2196 pestiferam

1375 2214 1693 2290 extitisse
1728 2212 2161 2289 discordiam

1374 2330 1560 2405 inter
1594 2329 1789 2404 cives
1825 2338 1899 2403 et
1934 2326 2319 2426 presulem,

1375 2446 1467 2520 ad
1503 2470 1705 2544 suem
1741 2445 1900 2519 illos
1935 2444 2205 2518 curiam

939 2559 1067 2636 431
1475 2560 1827 2660 proficisci
1866 2560 2302 2635 commonuit

1374 2676 1658 2755 Colonie
1693 2700 1911 2777 quam
1945 2675 2175 2751 tenuit

1375 2793 1442 2867 in
1483 2801 1727 2867 sancto
1763 2791 2025 2890 pascha
2058 2791 2379 2865 Domini2

1378 2908 1470 2985 ed
1507 2906 1963 2983 commodum
2000 2905 2307 3006 imperii.

940 3022 1084 3100 232
1471 3028 1623 3099 Rex
1660 3024 1852 3099 enim
1886 3022 2114 3098 factus
2149 3021 2429 3097 noviter

1379 3139 1530 3215 vult
1567 3148 1646 3215 ut
1682 3164 1950 3238 pacem.
1969 3139 2315 3214 stabiliter

1374 3263 1801 3329 conservent
1836 3255 2038 3353 regni
2076 3254 2461 3352 principes,

1372 3371 1685 3469 episcopi
1726 3379 1800 3444 et
1833 3370 2158 3444 comites.

937 3483 1080 3558 433
1472 3489 1662 3584 Ergo
1698 3483 2307 3561 cameracensium

1374 3609 1536 3676 ante
1572 3624 1817 3701 regem
1856 3600 2293 3699 presentium

1379 3715 1650 3791 audivit
1682 3741 1813 3790 rex
1851 3715 2250 3804 discidium,

1377 3829 1808 3906 discordiam
1840 3841 1915 3906 et
1950 3829 2219 3905 odium.

940 3944 1087 4020 434
1286 4030 1291 4035 ,
1476 3946 1711 4020 Primo
1747 3954 2096 4020 monstrat
2131 3944 2510 4045 episcopus

1010 4168 1057 4224 1.
1100 4166 1467 4240 L'emperenr
1514 4167 1783 4224 Lethaire
1832 4174 2064 4224 mourut
2108 4166 2163 4225 le
2204 4167 2236 4224 3
2280 4181 2355 4223 ou
2397 4164 2451 4224 le
2498 4168 2528 4222 4
2572 4166 2874 4224 decembre
2918 4158 3051 4223 1137

941 4257 1145 4328 (comp.
1158 4254 1255 4312 W.
1271 4254 1614 4326 Bernhardi,
1632 4257 1837 4311 Lothar
1847 4273 1954 4312 von
1969 4257 2372 4327 Supplinburq,
2390 4253 2646 4328 Leipzig,
2665 4255 2823 4327 1879,
2837 4271 2889 4329 p.
2905 4254 3046 4323 786).

1008 4343 1061 4400 2.
1105 4342 1189 4401 La
1217 4343 1327 4401 sete
1356 4344 1428 4402 de
1457 4345 1685 4419 Paques
1712 4345 1910 4403 tomba
1937 4362 2011 4402 en
2044 4346 2181 4403 1138
2209 4362 2283 4403 au
2314 4345 2345 4402 3
2374 4343 2539 4401 avril.
