3558 5493
535 741 676 812 395

531 1559 675 1631 396

529 2018 671 2088 397

529 2482 671 2552 398

526 2945 666 3016 399

524 3402 666 3478 400

521 3868 649 3945 40โด

520 4330 666 4409 402

1448 600 1726 653 nicom.

1068 742 1566 812 Verumtamen
1601 761 1729 812 sua
1763 762 1972 814 eausa

968 859 1375 927 remanente
1408 851 1854 942 inconcussa,

969 993 1012 1041 a
1044 967 1331 1066 presule
1367 967 1678 1043 exhibita

971 1091 1208 1158 manet
1247 1083 1459 1158 banni
1497 1083 1870 1159 sententia.

849 1338 974 1404 De
1020 1337 1266 1405 malis
1312 1353 1369 1405 a.
1411 1337 1736 1405 civibus
1781 1338 2313 1421 perpetratis.

1065 1560 1406 1631 Furentes
1440 1554 1633 1628 cives
1666 1553 1832 1631 ideo

964 1680 1210 1771 spreto
1246 1670 1370 1746 Dei
1408 1669 1727 1758 servitio,

966 1785 1235 1885 quippe
1269 1785 1470 1885 eujus
1506 1809 1653 1859 non
1689 1794 1801 1860 est
1836 1785 2055 1859 timor

961 1908 1127 1974 ante
1162 1923 1413 1974 eorum
1449 1899 1719 1988 oculos,

1063 2039 1206 2088 non
1243 2014 1546 2113 amplius
1582 2014 2033 2089 considerant

965 2130 1057 2204 de
1092 2130 1422 2205 omnibus
1457 2129 1631 2229 quid
1669 2130 1929 2207 faciant
1971 2158 1988 2204 t

964 2270 1130 2321 nam
1166 2245 1513 2321 vilescunt
1547 2247 1943 2338 ecclesiam,

961 2371 1193 2438 totum
1228 2362 1497 2437 elemm
1533 2372 1608 2438 et
1641 2362 1992 2439 ordinem.

1061 2480 1399 2576 Apostate
1434 2478 1777 2554 increduli

961 2602 1041 2669 ut
1075 2594 1372 2694 gentiles
1408 2603 1482 2668 et
1509 2594 1704 2694 judei

962 2707 1355 2808 depravant
1390 2708 1619 2808 legem
1655 2708 1930 2784 Domini

960 2834 1034 2900 et
1069 2826 1513 2924 prophanam
1544 2824 1708 2923 jura
1741 2824 1893 2900 Dei.

1062 2941 1203 3040 Ipsi
1241 2964 1549 3038 namque
1584 2940 1674 3015 ad
1712 2941 2105 3016 Briastrum

962 3065 1285 3133 sanctum
1321 3080 1587 3155 eorpus
1621 3055 2056 3133 dominicum

958 3199 999 3246 a
1034 3171 1277 3272 pixide
1312 3172 1718 3270 expositum

962 3287 1134 3363 heu!
1174 3295 1408 3361 terrae
1445 3288 1924 3387 projeoemnt.

1059 3402 1268 3501 Apud
1305 3403 1676 3504 Lesdengh
1712 3404 1905 3479 cives
1942 3403 2129 3478 idem

960 3518 1277 3593 crucifixi
1316 3517 1695 3618 imaginem

958 3646 1174 3736 atque
1208 3636 1456 3711 matris
1490 3637 1615 3711 Dei
1651 3638 1958 3712 formam

959 3753 1406 3853 confringere
1444 3777 1586 3826 non
1623 3752 1976 3828 dubitant.

1056 3873 1146 3944 Et
1177 3870 1249 3942 in
1288 3868 1690 3944 Creviohori
1723 3868 1887 3944 villa

958 3983 1050 4058 ab
1085 3981 1336 4058 eadem
1370 3983 1771 4056 communia

956 4098 1436 4199 prosternitur
1471 4097 1804 4191 aecclesia

960 4221 997 4292 J
1000 4215 1175 4290 besu
1214 4214 1490 4291 Christo
1521 4222 1958 4290 consecrata.

1057 4330 1170 4406 Sic
1204 4331 1555 4407 sevientes
1589 4330 1856 4432 agitant

2556 604 2644 657 23ยน
