3558 5493
939 602 1026 654 100
1879 596 2085 649 ῦΕΒΤΑ

1373 733 1613 831 sicque
1649 731 1990 809 Galchero
2025 730 2297 805 tribuit.

936 849 1079 924 574
1468 853 1556 923 Et
1591 874 1679 922 ne
1713 848 1851 922 hoc
1886 847 2305 923 beneficium

1372 965 1710 1039 Galchero
1746 965 1871 1037 fiat
1907 963 2205 1038 dubium

1371 1088 1598 1155 totum
1635 1077 1938 1178 perdere
1972 1078 2258 1166 iterum,

1370 1193 1534 1268 inde
1572 1191 1708 1268 sibi
1745 1192 1868 1266 dat
1904 1190 2225 1266 osculum
2268 1217 2284 1262 z

935 1312 1025 1382 57
1033 1313 1075 1382 5
1466 1317 1538 1382 et
1575 1316 1653 1382 ut
1686 1306 2258 1406 archiepiscopus

1369 1432 1670 1522 reponat
1705 1447 1869 1499 eum
1904 1422 2180 1497 firmius

1370 1539 1441 1613 in
1479 1538 1786 1637 antiquis
1822 1537 2191 1613 tenoribus

875 1749 883 1756 ι
1371 1653 1516 1730 6616
1549 1655 1838 1729 mandat
1874 1653 2219 1752 apicibus.

936 1773 1077 1844 576
1471 1770 1850 1846 Galcherus
1885 1769 2075 1843 enim
2104 1760 2440 1842 'omnibus

1371 1885 1742 1984 completis
1769 1883 2207 1985 jussionibus

1372 2002 1453 2075 fit
1487 2009 1752 2090 eustoc,
1795 2001 1877 2074 fit
1912 2000 2286 2073 canonicus

1368 2115 1591 2215 fitque
1627 2114 2217 2190 archidiaconus¹.

936 2236 1077 2306 577
1468 2236 1562 2308 Ut
1596 2230 1686 2304 de
1721 2230 1914 2331 regis
1950 2230 2199 2304 itinere

1373 2345 1566 2446 quod
1603 2352 1871 2423 Romae
1906 2346 2123 2420 debet
2159 2343 2389 2419 facere

1371 2462 1444 2537 in
1480 2462 1616 2537 hoc
1651 2462 1904 2561 loquar
1941 2459 2318 2535 dictamine

1006 2724 1059 2780 l.
1097 2719 1299 2795 Comp.
1327 2719 1458 2795 plue
1486 2712 1627 2778 haut
1654 2724 1753 2778 str.
1781 2719 1851 2777 88
1870 2726 1930 2777 et
1947 2718 2199 2792 ci-apres
2226 2717 2284 2776 16
2311 2716 2424 2775 Vie
2451 2713 2693 2789 d’Odon‚
2728 2714 2822 2776 ch.
2842 2715 2878 2774 2
2897 2722 3043 2774 extr.

932 2839 1005 2853 —
1031 2810 1302 2868 L’auteur
1327 2809 1401 2867 de
1419 2809 1474 2867 la
1495 2808 1739 2867 Version
1766 2808 2046 2884 francaiee
2074 2807 2161 2865 dit
2187 2824 2299 2881 que
2324 2805 2380 2865 le
2407 2822 2552 2881 pape
2579 2807 2772 2881 ajouta
2798 2805 2870 2863 de
2897 2821 3047 2864 nou-

936 2914 1120 2956 veaux
1155 2898 1437 2957 beneficos
1471 2899 1508 2956 ὁ,
1542 2914 1688 2957 ceux
1724 2914 1838 2973 que
1865 2897 2131 2956 Gancher
2168 2895 2456 2971 possedait
2494 2902 2668 2953 avant
2704 2894 2921 2953 d'avoir
2955 2894 3047 2953 ete

934 2986 1028 3044 616
1057 2990 1274 3061 eveque
1305 2989 1379 3061 (p.
1403 2987 1528 3059 519,
1559 3004 1618 3044 n.
1651 2986 1761 3057 27).
1796 2985 1948 3045 Rieu
1977 3003 2052 3044 ne
2073 2985 2296 3060 justifie
2325 2992 2473 3044 cette
2501 2983 2784 3042 assertion
2812 2983 2876 3042 ni
2903 2983 3049 3041 (1666

938 3083 1103 3134 notre
1129 3082 1311 3148 texte,
1342 3076 1408 3133 ni
1435 3075 1580 3134 dans
1607 3076 1757 3134 celui
1786 3075 1856 3132 de
1884 3075 1940 3132 la
1967 3075 2078 3134 Vie
2106 3074 2327 3132 d'Odon
2346 3118 2363 3148 ‚
2407 3075 2443 3131 a
2480 3072 2725 3149 laquelle
2763 3072 2831 3130 16
2857 3075 3048 3130 meme

932 3173 1137 3223 auteur
1161 3182 1198 3223 6
1223 3164 1527 3239 emprunte
1555 3164 1607 3223 le
1635 3163 1813 3222 detail
1841 3163 1912 3221 de
1941 3165 1997 3221 la
2024 3164 2351 3222 restitution
2379 3164 2452 3222 de
2480 3161 2943 3222 l’archidiaconat
2970 3161 3047 3218 du

933 3251 1206 3311 Brabant.
1256 3252 1621 3324 Seulement‚
1665 3251 1888 3325 d’apres
1925 3268 1991 3310 ce
2028 3269 2141 3326 que
2186 3267 2333 3312 noue
2372 3251 2551 3312 lisono
2590 3267 2794 3311 encore
2822 3250 2967 3309 dans
2994 3248 3051 3308 16

932 3341 1048 3400 Vie
1075 3340 1297 3399 d'Odon
1328 3342 1484 3413 (aest.
1518 3342 1746 3408 odonis,
1791 3356 1840 3398 c.
1871 3339 1907 3397 2
1936 3342 2136 3413 extr.)‚
2182 3341 2236 3398 le
2279 3340 2583 3398 eonverain
2625 3340 2874 3415 pontife,
2914 3355 3049 3398 6666

933 3428 1106 3487 doute
1150 3429 1266 3488 alin
1307 3427 1380 3488 de
1422 3419 1695 3502 mena‘ger
1734 3428 2206 3502 l’amour-propre
2251 3427 2323 3485 de
2363 3428 2650 3505 Gaucher,
2692 3428 2981 3488 l'autoriea
3013 3431 3049 3484 a

933 3518 1189 3576 recevoir
1214 3517 1351 3575 d'un
1380 3520 1596 3592 eveque
1624 3516 1983 3591 quelconque
2013 3516 2065 3574 le
2094 3518 2249 3574 saint
2275 3517 2540 3593 chreme,
2582 3518 2724 3592 qu'il
2752 3517 2942 3577 aurait
2967 3517 3047 3572 du

934 3606 1381 3679 regulieremont
1406 3606 1658 3665 recevoir
1683 3605 1906 3680 chaque
1942 3605 2128 3664 annee
2169 3605 2241 3664 de
2284 3606 2537 3682 l’eveque
2565 3605 2636 3664 de
2664 3606 2945 3664 cambrai.
2978 3635 3047 3667 ·-.-

934 3693 1174 3767 D'apree
1193 3693 1248 3752 16
1265 3694 1610 3753 bollandiete
1631 3695 1725 3752 Fr.
1748 3694 2094 3753 Verhoeven
2117 3696 2250 3766 (Act.
2274 3696 2395 3763 SS.,
2426 3702 2467 3752 t.
2500 3695 2589 3752 111
2614 3695 2780 3766 Jun„
2809 3712 2867 3769 p.
2898 3695 3048 3767 915),

934 3781 988 3841 16
1015 3798 1160 3857 pape
1180 3783 1383 3842 Pascal
1400 3784 1478 3855 H,
1509 3799 1584 3842 en
1612 3787 1803 3842 meme
1830 3791 2017 3857 temps
2043 3783 2185 3859 qu'il
2214 3801 2448 3842 nomma
2468 3785 2763 3842 Manasses
2789 3801 2863 3842 66
2892 3784 3048 3856 siege

935 3871 1007 3931 de
1035 3872 1299 3931 Cambrai
1329 3875 1534 3948 (comp.
1566 3873 1692 3947 plus
1723 3872 1864 3931 haut.
1893 3881 1994 3930 etr.
2025 3873 2178 3946 470),
2221 3873 2375 3931 offrit
2409 3873 2443 3929 6
2480 3873 2751 3932 Graucher
2785 3870 2935 3931 celui
2973 3871 3047 3930 de

934 3961 1214 4030 Tournai;
1248 3962 1396 4019 mais
1423 3961 1719 4034 Gaucher,
1750 3961 1995 4035 degoute
2022 3960 2123 4019 des
2152 3961 2402 4035 dignites
2429 3978 2532 4036 par
2558 3961 2642 4018 166
2671 3961 2880 4020 666616
2909 3959 3049 4035 qu'il

936 4051 1090 4108 avait
1117 4050 1445 4109 rencontres
1472 4051 1508 4107 a
1535 4050 1820 4122 Gambrai,
1850 4050 2037 4109 aurait
2062 4050 2355 4110 embraese
2381 4049 2484 4109 des
2503 4051 2619 4109 lore
2640 4052 2694 4109 16
2712 4050 2805 4108 vie
2825 4065 3050 4108 monas-

935 4137 1117 4213 tique.
1147 4138 1299 4198 G’est
1322 4138 1754 4212 probahlement
1771 4139 1806 4196 ὁ,
1826 4138 1881 4195 la
1898 4139 2268 4213 compilation
2296 4138 2367 4197 de
2386 4138 2662 4209 Francois
2679 4138 2751 4195 de
2769 4137 2827 4195 16
2847 4137 3046 4209 Bane,

937 4233 1066 4284 tant
1089 4226 1235 4284 mise
1263 4226 1299 4283 a
1325 4227 1715 4287 contribution
1743 4244 1847 4302 par
1872 4227 2238 4302 Verhoeven,
2268 4227 2409 4302 qu'il
2444 4243 2583 4285 aura
2622 4229 2924 4301 empmnte
2952 4242 3047 4285 666

939 4314 1141 4373 details
1169 4316 1220 4374 61
1247 4333 1358 4390 peu
1387 4318 1709 4376 conformes
1736 4317 1772 4374 a
1800 4318 1853 4375 16
1881 4316 2154 4376 veritable
2182 4317 2422 4376 histoire
2450 4316 2521 4374 de
2550 4316 2832 4376 Gaucher.
