3558 5493
1457 573 1801 629 GAlaoml.
2601 571 2687 624 105

580 811 809 895 Quod
854 810 1495 879 cameracenses
1541 809 2033 878 anscherum
2078 809 2162 875 in
2209 807 2690 891 episcopatu

663 916 1110 985 restituere
1154 917 1599 985 voluerunt
1640 916 1832 998 post
1873 914 2221 984 mortem
2264 913 2591 982 odonis.

579 1148 721 1219 600
1113 1143 1221 1220 Ad
1257 1144 1660 1244 eligendum
1695 1143 1997 1219 alterum

1017 1260 1251 1335 clerus
1282 1267 1356 1334 et
1390 1258 1597 1358 plebs
1627 1259 2046 1358 episcopum

1013 1401 1146 1475 per
1180 1399 1556 1451 commune
1591 1375 1964 1451 consilium

1016 1490 1254 1567 statim
1287 1500 1509 1591 agunt
1544 1490 1956 1588 capitulum.

580 1610 706 1682 601
1110 1605 1481 1681 Reducunt
1515 1605 1606 1679 ad
1642 1605 2062 1679 memoriam

1014 1745 1215 1796 suam
1250 1721 1535 1820 longam
1570 1720 1929 1795 miseriam

1015 1859 1231 1934 quam
1265 1835 1457 1934 passi
1493 1833 1618 1911 diu
1649 1833 1928 1910 fuerant

1014 1974 1146 2050 per
1179 1950 1523 2024 alternam
1559 1949 2017 2026 discordiam.

579 2069 723 2142 602
1113 2065 1315 2156 Quod
1347 2066 1639 2154 malum,
1679 2065 1877 2163 quod
1912 2065 2287 2141 discidium

1015 2181 1162 2278 pati
1193 2190 1523 2257 verentes
1554 2181 1842 2270 iterum,

1016 2295 1107 2369 ad
1144 2295 1562 2371 Galcherum
1599 2295 2084 2371 revocandum

1014 2434 1264 2485 omnes
1298 2412 1718 2487 confirmant
1753 2411 2095 2485 animum.

579 2529 722 2600 603
1112 2529 1289 2600 Nam
1324 2526 1461 2600 hoc
1495 2528 1666 2602 satis
1700 2526 2180 2626 probaverant

1017 2640 1208 2739 quod
1244 2641 1489 2715 vivere
1522 2666 1667 2716 non
1704 2650 2032 2740 poterant

1015 2781 1148 2854 per
1183 2756 1505 2831 stabilem
1542 2758 1993 2833 concordiam

1015 2870 1246 2946 donec
1278 2895 1444 2946 eum
1479 2875 1879 2947 restituant.

577 2985 721 3061 604
1112 2990 1512 3060 Revocatur
1544 2987 1709 3062 hinc
1744 2987 2153 3075 Galcherus,

1015 3101 1168 3199 regi
1202 3099 1510 3175 refertur
1545 3102 1835 3176 baculus
1880 3129 1896 3175 ε

1015 3239 1143 3288 rex
1178 3240 1351 3289 vero
1385 3216 1577 3290 favet
1612 3216 1818 3292 citius

1013 3330 1215 3405 factis
1252 3331 1739 3429 petitionibus.

578 3447 719 3519 605
1111 3445 1517 3522 Mor-abatur
1552 3447 1624 3520 in
1662 3453 1978 3523 Tornaco

1013 3560 1391 3636 Galcherus
1427 3561 1546 3635 illo
1581 3563 1891 3638 termino

1011 3675 1262 3750 vivens
1298 3675 1395 3750 ibi
1430 3676 1522 3751 de
1558 3678 1855 3776 proprio

1012 3815 1174 3866 cum
1208 3790 1481 3865 honore
1516 3802 1590 3866 et
1623 3792 1910 3892 gaudio.

576 3907 718 3978 606
1109 3905 1233 3981 Cui
1270 3905 1438 3981 fecit
1470 3931 1602 3982 rex
1638 3908 1999 4008 cognitum

1011 4031 1090 4095 ut
1126 4021 1365 4096 veniat
1398 4023 1588 4121 apud
1627 4037 1820 4113 eum,

1011 4146 1428 4234 recepturus
1463 4138 1902 4238 presulatum

1012 4250 1211 4328 urbis
1247 4253 1880 4329 Cameracensium.
