3558 5493
1463 573 1802 626 mmmm.
2598 580 2686 633 103

579 709 706 779 591
1113 705 1290 780 Hine
1326 705 1589 782 adeunt
1621 708 1961 785 velooita·

1017 844 1278 920 papam
1309 821 1829 920 presentialiter

1016 961 1232 1036 quem
1268 936 1720 1035 alloquuntur
1754 938 2031 1015 duriter

1016 1059 1091 1125 et
1123 1052 1657 1151 reprehendunt
1688 1054 2006 1153 graviter

582 1167 724 1243 592
1115 1167 1205 1243 de
1240 1168 1377 1243 hoo
1409 1178 1619 1267 paeto
1654 1169 1983 1261 mirifico,

1016 1282 1339 1371 terribili,
1382 1284 1747 1385 sacrilego,

1016 1398 1209 1497 quod
1243 1397 1408 1473 feeit
1441 1424 1605 1474 oum
1641 1400 1925 1477 diabolo

1015 1538 1151 1612 pro
1186 1514 1444 1588 timore
1479 1540 1857 1615 corporeo.

584 1635 725 1706 593
1115 1629 1593 1706 Dehonestant
1626 1657 1889 1732 papam
1926 1633 2252 1719 multum,

1018 1754 1250 1820 totum
1285 1745 1624 1821 damnant
1656 1748 1810 1847 ejus
1845 1757 2158 1846 pactum,

1019 1861 1439 1959 dirumpunt
1473 1861 1922 1962 privilegium

1021 1978 1216 2077 quod
1249 1988 1510 2054 vocant
1543 1980 2067 2081 previlegium¹.

585 2094 729 2169 594
1119 2099 1240 2170 Est
1278 2096 1514 2194 itaque
1551 2095 1875 2194 deposita

1021 2210 1193 2285 haec
1230 2210 1464 2309 pactio
1500 2209 1907 2286 mortifera²

1027 2335 1100 2402 et
1135 2325 1307 2401 item
1341 2326 1943 2404 excommunicat⁸

1022 2466 1268 2542 regem
1304 2443 1537 2517 omnis
1571 2442 1933 2517 aeeclesia.

589 2563 732 2634 595
1122 2563 1300 2633 Eoee
1337 2583 1522 2657 papa
1556 2557 1773 2658 digno
1803 2559 1962 2658 jure

1027 2672 1444 2749 cobet-cetur
1481 2672 1840 2771 deponere

1025 2788 1403 2887 episeopos
1437 2787 1560 2885 qui
1592 2787 1684 2862 de
1720 2812 1893 2886 rege

1025 2905 1266 3004 virgas
1303 2904 1456 2978 ausi
1488 2912 1655 2977 sunt
1689 2926 1996 2976 sumere.

591 3025 733 3096 596
1124 3023 1278 3092 Non
1315 3016 1541 3091 multo
1577 3024 1741 3115 post
1775 3017 1962 3091 huno
1996 3017 2379 3093 terminum

1026 3132 1357 3233 deposuit
1391 3132 1808 3232 episcopum

1029 3247 1348 3324 Odonem
1383 3258 1685 3346 propter
1721 3246 2054 3323 baoulum

1029 3391 1071 3439 a
1106 3388 1278 3465 rege
1313 3364 1485 3439 sihi⁴
1518 3362 1927 3437 traditum-²³.

531 3649 536 3656 -
666 3612 717 3669 1.
759 3611 961 3684 Gomp.
993 3611 1126 3669 Act.
1159 3610 1400 3669 Concilii
1439 3610 1688 3669 Romani
1721 3610 1886 3668 18-23
1926 3611 2094 3667 Mart.
2133 3610 2270 3667 1112
2297 3612 2466 3681 (Mon.
2499 3613 2704 3679 amn„

594 3703 770 3775 Logg.
803 3699 966 3769 t.11,
1005 3699 1159 3774 App.
1192 3717 1248 3774 p.
1283 3701 1406 3758 181.
1446 3731 1518 3743 -
1553 3699 1863 3772 Muratori,
1903 3702 2025 3758 Ber.
2065 3702 2195 3757 Ital.
2236 3700 2464 3772 Script„
2504 3705 2547 3757 t.
2587 3698 2704 3772 ΙΠ,

591 3798 738 3865 part.
769 3807 811 3864 1,
839 3805 897 3863 p.
930 3788 1078 3854 363>

661 3881 718 3939 2.
758 3878 939 3937 L023
965 3895 1123 3937 mars
1153 3879 1294 3936 1112
1323 3877 1508 3952 (suffe,
1539 3894 1596 3952 p.
1630 3877 1771 3950 504).

664 3970 718 4028 3.
758 3971 1214 4024 excommunicat.
1248 3967 1408 4024 Dans
1436 3966 1489 4024 le
1516 3984 1624 4023 ma.
1650 3967 1749 4042 ily
1770 3966 1925 4023 avait
1951 3965 2006 4023 d'
2008 3945 2182 4025 abord
2210 3967 2707 4023 excommunicant.

663 4059 718 4115 4.
758 4057 887 4112 sibi.
917 4054 1080 4112 Dans
1108 4054 1163 4112 le
1191 4071 1299 4112 ms.
1332 4071 1429 4112 au·
1410 4055 1637 4112 -dessus
1666 4054 1737 4111 de
1766 4054 1824 4110 la
1850 4053 2024 4128 ligne.

667 4147 719 4204 5.
761 4146 827 4202 Si
857 4143 912 4202 le
939 4144 1045 4202 fait
1071 4154 1161 4204 est
1188 4146 1330 4214 νηὶ,
1358 4177 1432 4188 -
1460 4145 1500 4202 il
1526 4162 1566 4202 n
1569 4147 1678 4203 'est
1703 4161 1805 4218 pas
1833 4144 2170 4203 mentionne
2189 4144 2335 4202 dans
2353 4144 2613 4202 Hermen
2639 4141 2712 4198 de

593 4235 844 4293 Toumai
887 4237 1094 4307 (comp.
1136 4234 1193 4292 la
1234 4243 1367 4292 note
1408 4235 1720 4305 suivante),
1752 4266 1821 4277 —
1850 4250 1925 4291 on
1965 4251 2042 4291 ne
2076 4241 2216 4308 peut
2253 4232 2605 4306 s’empeoher
2640 4230 2712 4289 de

598 4328 829 4380 trouver
867 4328 1017 4380 cette
1057 4320 1299 4379 severim
1339 4338 1418 4378 un
1461 4339 1571 4396 peu
1616 4322 1929 4391 excessivo,
1971 4322 2216 4395 puisque
2260 4319 2426 4378 Odon
2470 4319 2714 4377 n’aurait
