3558 5493
916 565 1010 618 204
1866 565 2073 615 GBSTA

917 702 1062 775 2⁴5
1456 704 1633 774 Ecce
1670 698 1941 796 presul,
1980 701 2242 795 Symon
2283 722 2569 797 quoque

1354 821 1429 888 et
1465 812 1587 910 qui
1623 811 1834 887 simul
1868 812 2134 887 affuere
2499 875 2505 880 .

1358 927 1627 1003 seducti
1664 936 1830 1002 sunt
1865 937 2107 1027 empta
2141 953 2317 1027 pace

1356 1067 1573 1143 quam
1609 1042 1908 1118 dederat
1942 1049 2129 1120 Deus
2165 1052 2424 1119 terrae.

918 1163 1063 1236 216
1458 1159 1774 1235 Gerardo
1811 1184 2118 1259 namque
2154 1170 2438 1237 mortuo

1357 1273 1825 1350 descenderat
1861 1301 2001 1374 pax
2038 1276 2129 1350 de
2167 1277 2319 1352 celo

1355 1398 1433 1465 et
1465 1391 1748 1489 requies
1784 1391 1856 1464 in
1893 1391 2162 1489 populo

1357 1530 1610 1605 presso
1646 1506 1799 1605 ejus
1834 1504 2175 1580 dominio.

919 1623 1000 1696 21
1021 1624 1064 1692 7
1457 1621 1761 1696 Infantes
1797 1646 1974 1721 ergo
2009 1622 2300 1698 minime

1356 1761 1645 1812 necesse
1681 1744 1839 1811 erat
1872 1735 2178 1813 reddere

1360 1856 1754 1952 composita
1791 1877 1978 1928 nova
2011 1878 2190 1952 pace

1358 1993 1491 2066 per
1526 1976 1890 2044 auctorem
1916 1968 2265 2067 justiciae.

1350 2209 1477 2276 De
1523 2209 1789 2276 morte
1833 2209 2106 2293 ngum
2152 2210 2254 2277 de
2300 2208 2609 2277 Ginnlo.

926 2426 1069 2499 218
1462 2428 1646 2497 Dum
1681 2424 1785 2498 sic
1820 2424 2055 2523 agitur
2086 2422 2278 2522 apud
2312 2447 2469 2511 nos,

1364 2538 1618 2636 plurali
1654 2538 1881 2614 fertur
1916 2538 2168 2613 nuntio

1366 2653 1563 2753 quod
1600 2654 1819 2731 Gilius
1853 2652 1946 2728 de
1982 2653 2229 2729 Cinnio

1366 2773 1723 2847 mortuus-¹
1764 2781 1878 2846 est
1912 2772 1984 2844 in
2020 2769 2324 2845 tornio2.

1002 2978 1052 3032 1.
1093 2976 1257 3034 Dans
1285 2976 1339 3034 le
1364 2993 1475 3035 ms.
1507 2994 1584 3036 on
1613 2978 1683 3036 lit
1703 2978 2017 3037 au-dessus
2046 2979 2118 3036 (19
2148 2979 2204 3035 la
2231 2977 2387 3051 ligne
2420 2994 2433 3034 :
2464 2983 2547 3034 vel
2577 2984 2822 3034 necatus.

999 3063 1051 3121 2.
1094 3063 1262 3123 Voici
1288 3082 1389 3122 sur
1416 3065 1473 3125 la
1498 3075 1652 3124 mort
1676 3066 1749 3124 de
1771 3066 1956 3124 Gilles
1983 3065 2055 3123 (19
2074 3065 2225 3123 chin
2253 3082 2369 3123 une
2396 3064 2627 3122 version
2654 3063 2954 3122 differente
2981 3062 3055 3121 de

929 3151 1072 3209 celle
1098 3151 1170 3210 de
1200 3152 1426 3212 Gilbert
1448 3155 1518 3212 de
1551 3155 1742 3227 Mons,
1772 3155 1874 3230 qui
1902 3155 1991 3212 dit
2029 3171 2140 3230 que
2176 3153 2231 3212 19
2266 3152 2488 3213 celebre
2515 3152 2805 3211 chevalier
2841 3152 2931 3209 fut
2956 3156 3057 3210 tue

931 3245 995 3297 in
1022 3245 1268 3312 quadam
1295 3259 1506 3313 queri-a
1523 3260 1694 3313 quam
1713 3260 1842 3299 cum
1860 3246 1995 3299 duco
2015 3246 2343 3299 Lovanionsi
2370 3244 2599 3299 habebat
2619 3258 2791 3298 comes
2809 3243 3057 3299 Namar-

931 3333 1105 3386 oensis
1142 3329 1407 3403 (Gisleb.‚
1447 3347 1503 3403 p.
1552 3330 1698 3400 507).
1747 3329 1834 3387 La
1879 3331 2197 3405 chronique
2235 3330 2309 3388 de
2351 3329 2680 3388 Gembloux
2719 3331 2878 3404 pai-le
2919 3330 2955 3388 a
3000 3331 3060 3389 la

932 3417 1113 3476 verite
1140 3418 1314 3476 d'une
1342 3434 1547 3492 guerre
1574 3419 1674 3493 qui
1702 3420 1888 3476 eclata
1914 3426 2077 3476 entre
2105 3436 2201 3477 ces
2229 3418 2380 3476 deux
2409 3419 2638 3492 princes
2666 3436 2740 3477 en
2768 3419 2926 3491 1136,
2947 3419 2983 3477 a
3001 3419 3060 3478 la

932 3505 1086 3563 suite
1120 3506 1194 3564 (19
1228 3506 1536 3565 differenda
1573 3507 1977 3566 relativement
2020 3507 2058 3564 a
2101 3505 2385 3565 l'election
2422 3507 2493 3564 (19
2542 3507 2727 3566 l'abbe
2768 3508 2840 3566 (19
2876 3508 3058 3566 Gem-

933 3593 1108 3652 bloux
1156 3594 1471 3670 (Sigebert.
1531 3598 1754 3654 Gontin.
1815 3599 2106 3665 Gomblac„
2167 3614 2226 3671 p.
2277 3596 2434 3669 385);
2493 3598 2644 3654 mais
2688 3613 2766 3654 on
2816 3614 2892 3655 ne
2939 3596 3060 3654 voit

933 3700 1038 3757 pas
1083 3692 1380 3742 comment
1422 3683 1607 3741 Gilles
1652 3684 1723 3742 (19
1769 3684 1924 3742 Chin
1970 3700 2007 3742 a
2050 3697 2128 3758 pu
2177 3688 2298 3742 etro
2345 3685 2498 3742 mele
2544 3686 2580 3742 a
2627 3692 2777 3744 cette
2831 3701 3053 3759 guerre.

933 3773 1019 3830 Le
1058 3788 1259 3830 roman
1305 3789 1378 3832 en
1424 3790 1551 3832 vers
1587 3774 1660 3832 (19
1702 3774 1886 3832 Gilles
1921 3773 1993 3831 (19
2028 3774 2179 3832 Chin
2225 3774 2281 3831 le
2327 3773 2430 3832 fait
2465 3775 2685 3832 mom-ir
2730 3775 2866 3832 d’un
2908 3790 3058 3847 coup

935 3861 1007 3920 (19
1053 3861 1219 3920 lance
1264 3861 1300 3919 a
1340 3862 1675 3922 Rollecourt
1718 3879 1794 3921 ou
1832 3863 2155 3935 Roucourt,
2207 3863 2339 3937 pres
2377 3862 2564 3921 Douai
2611 3861 2728 3935 (ed.
2771 3862 2844 3921 de
2890 3861 3060 3920 Reif-

937 3950 1203 4024 fenberg,
1240 3969 1297 4025 p.
1342 3951 1465 4024 187,
1505 3969 1561 4008 v.
1605 3952 1746 4011 5512
1784 3952 1980 4026 euim),
2011 3959 2072 4010 et
2106 3952 2247 4010 c'est
2282 3951 2440 4009 aussi
2481 3967 2547 4010 ce
2580 3967 2757 4024 genre
2798 3950 2870 4008 (19
2906 3960 3062 4009 mort

937 4039 1270 4114 qu'indique
1310 4038 1618 4115 l'epitaphe
1663 4041 1860 4116 placeo
1907 4058 2008 4098 sur
2049 4041 2103 4099 le
2147 4040 2417 4099 tombesu
2459 4038 2531 4097 de
2569 4038 2750 4096 Gilles
2792 4040 2827 4097 a
2860 4040 3059 4098 Saint-

938 4128 1209 4186 Guislain
1241 4129 1442 4204 (comp.
1475 4130 1607 4203 plus
1634 4130 1737 4188 bas
1765 4130 1823 4189 la
1849 4137 1985 4189 note
2014 4130 2207 4202 euim).
2249 4129 2419 4186 Enfin
2458 4128 2704 4186 l'auteur
2738 4127 2815 4184 du
2855 4144 3055 4185 roman

939 4234 1014 4275 en
1041 4234 1229 4292 prose,
1260 4218 1456 4292 public
1484 4235 1587 4293 par
1613 4219 1835 4277 Chalon
1867 4222 1961 4292 (La
1985 4221 2302 4290 Chronique
2318 4220 2396 4275 du
2417 4219 2522 4275 bon
2540 4219 2816 4275 chevalier
2833 4220 3061 4274 messit-e

941 4309 1108 4366 Gillo-5
1133 4310 1200 4364 de
1227 4309 1389 4373 Chin,
1422 4309 1614 4381 Mons,
1646 4307 1805 4378 1837,
1837 4308 2024 4379 iti-8⁰,
2055 4324 2113 4381 p.
2149 4307 2292 4377 193),
2335 4305 2421 4363 dit
2460 4305 2600 4380 qu'il
2627 4313 2862 4363 mourut
2885 4304 3060 4364 d'une

944 4400 1123 4452 vnoult
1147 4403 1319 4467 arant
1346 4400 1526 4468 neure,
1563 4404 1614 4454 et
1641 4413 1762 4467 σεεν
1785 4412 1934 4468 pour
1963 4401 2038 4453 les
2063 4412 2239 4468 arans
2278 4412 2402 4467 caps
2438 4402 2488 4451 et
2527 4410 2829 4451 navreuros
2869 4411 2975 4466 quo
3014 4399 3059 4452 il
