3558 5493
1036 570 1099 620 98
1998 568 2199 621 omn

1474 701 1594 798 qui
1633 699 1723 775 de
1758 725 1891 775 suo
1926 699 2211 800 negotio

1472 815 1852 913 loquantur
1887 813 2309 913 apostolieo¹
2326 869 2347 888 .

1038 935 1165 1006 561
1571 936 1766 1006 Unus
1796 955 1889 1004 ex
1925 930 2057 1004 illis
2096 930 2359 1006 nuntiis

1473 1045 1605 1120 fuit
1641 1045 2024 1121 Galcherus
2058 1045 2338 1135 nobilis,

1473 1184 1781 1257 persona
1814 1159 2239 1235 venerabilis
2280 1194 2289 1203 ·

1473 1284 1546 1349 et
1580 1276 1799 1350 affatu
1832 1276 2227 1351 laudabilis.

1039 1396 1183 1469 562
1572 1391 1699 1465 Hic
1734 1391 1827 1467 de
1864 1391 2055 1492 regis
2090 1389 2529 1489 profectibus

1476 1530 1606 1604 pre
1642 1507 1789 1581 suis
1823 1505 2321 1582 consodalibus

1476 1623 1738 1698 Pascali
1775 1649 2002 1722 papae
2036 1623 2353 1721 loquitur

1475 1747 1549 1812 et
1583 1747 1880 1837 paterne
1916 1739 2286 1839 recipitur.

1041 1860 1182 1931 563
1575 1859 1801 1946 Quem
1834 1855 1908 1928 in
1944 1855 2076 1930 hae
2109 1853 2456 1955 legatione

1477 1970 1666 2070 oepit
1700 1995 1888 2068 papa
1921 1969 2243 2071 diligere,

1477 2086 1803 2161 venerari
1837 2094 1911 2159 et
1947 2085 2212 2161 habere

1477 2227 1614 2302 pro
1649 2202 1949 2301 sapienti
1986 2202 2301 2277 homine.

1041 2318 1185 2393 564
1575 2318 1715 2394 Sed
1752 2327 1999 2416 preter
2035 2316 2412 2392 secretaria

1477 2458 1660 2532 quae
1697 2433 2077 2508 Galcherus
2112 2432 2530 2522 contulerat,

1480 2549 1571 2623 de
1606 2573 1685 2623 se
1721 2549 1881 2647 ipso
1916 2573 2073 2623 rem
2108 2549 2388 2623 intimat

1480 2690 1622 2764 que
1658 2666 1895 2766 ipsum
1933 2665 2364 2765 deposuerat

1043 2784 1185 2855 565
1577 2780 1820 2855 Refert
1855 2780 2045 2856 enim
2081 2805 2212 2880 per
2246 2779 2573 2855 ordinem

1476 2894 1647 2970 cleri
1684 2894 2094 2993 plebisque²
2130 2895 2404 2970 rabiem

1478 3033 1695 3108 quam
1729 3019 1979 3084 eontra
2014 3009 2212 3085 illum
2248 3016 2542 3110 egerant

1478 3133 1779 3223 propter
1814 3126 2009 3224 pacis
2038 3125 2420 3225 justiciam.

1043 3241 1186 3313 566
1575 3245 1751 3315 Nam
1789 3241 1955 3338 quia
1990 3265 2241 3339 paoem
2276 3240 2540 3315 fecerat

1480 3364 1554 3429 et
1588 3356 1940 3454 superbos
1976 3363 2419 3455 represserat

1478 3476 1552 3543 et
1586 3478 1915 3567 raptores
1948 3471 2318 3570 fugaverat

1114 3687 1164 3743 1.
1206 3686 1318 3745 Les
1344 3686 1607 3747 Annales
1634 3689 2128 3764 contemporaines
2155 3697 2460 3750 nommant
2484 3689 2771 3761 maderio,
2802 3687 3159 3763 archeveque

1041 3774 1113 3833 de
1133 3774 1412 3850 Cologne3
1444 3776 1706 3850 Brauon,
1737 3778 2096 3853 archeveque
2125 3777 2196 3837 de
2214 3779 2453 3848 Treves;
2486 3776 2541 3836 le
2568 3776 2893 3837 chaneelim·
2909 3775 2983 3835 de
3002 3775 3163 3834 l'em-

1039 3865 1162 3938 pira
1190 3864 1471 3923 Adalbart
1509 3873 1568 3924 et
1603 3867 1658 3925 le
1695 3875 1884 3925 comte
1912 3868 2170 3925 Herman
2212 3867 2285 3925 de
2314 3866 2735 3941 Vinkenbourg
2762 3867 2992 3941 (Annal.
3033 3866 3159 3923 Hil-

1039 3954 1320 4021 deshoim„
1353 3970 1408 4028 p.
1444 3955 1589 4026 112).
1621 3955 1673 4012 11
1700 3962 1791 4012 est
1820 3972 1926 4029 peu
1956 3956 2226 4029 probable
2253 3972 2367 4030 que
2387 3956 2654 4014 Gaueher
2676 3956 2812 4028 jona
2837 3953 2982 4013 dans
3010 3960 3158 4011 cette

1041 4041 1378 4099 ambassade
1427 4040 1482 4101 le
1529 4042 1647 4101 tole
1695 4044 2117 4118 preponderant
2161 4061 2274 4119 que
2322 4043 2401 4101 lui
2456 4047 2615 4118 prete
2661 4051 2825 4102 notre
2869 4055 3160 4116 anonyme

1039 4136 1247 4203 (oomp.
1294 4135 1395 4186 str.
1436 4129 1562 4204 562,
1601 4130 1746 4203 564).
1783 4131 1831 4186 11
1861 4139 1952 4189 est
1977 4131 2226 4205 possible
2265 4130 2591 4206 cependant
2617 4130 2755 4205 qu’il
2780 4147 2820 4205 y
2844 4131 2927 4189 ait
2952 4128 3158 4203 templi

1038 4216 1191 4274 celui
1218 4217 1523 4276 d’orateur.

1108 4304 1161 4362 2.
1196 4308 1490 4377 plebisque.
1529 4306 1684 4366 Dans
1712 4309 1766 4367 le
1794 4326 1903 4367 ms.
1937 4312 2229 4390 blebisque.
