3558 5493
1004 545 1061 597 18
1952 546 2160 599 omn

1440 677 1573 751 sub
1610 678 1760 778 lege
1799 686 2076 777 septem
2111 680 2429 755 artium&

1049 795 1143 870 92
1536 793 1667 883 Qui
1701 793 2123 870 informatus
2158 795 2411 873 litteris

1435 917 1510 984 et
1543 909 1819 1010 legibus
1855 920 1929 986 et
1962 911 2265 1010 placitis,

1436 1024 1716 1100 valebat
1748 1028 1823 1100 in
1859 1027 2172 1105 conciliis

1432 1139 1790 1239 gallicanis
1825 1148 1899 1216 et
1935 1142 2254 1241 synodis.

1044 1258 1138 1326 93
1530 1255 1684 1330 Fuit
1718 1265 1793 1330 et
1827 1281 2037 1332 causa
2070 1257 2291 1332 tercia

1431 1378 1513 1445 ut
1545 1369 1636 1444 ad
1672 1371 1810 1446 hoc
1845 1373 2063 1448 decus
2092 1373 2360 1464 veniat,

1433 1511 1597 1561 cum
1633 1495 1708 1562 et
1740 1513 1907 1563 eum
1942 1513 2074 1564 rex
2111 1488 2324 1590 eligat

1431 1610 1504 1676 et
1538 1601 1829 1677 mandet
1865 1609 1940 1678 et
1975 1602 2322 1700 precipiat

1040 1715 1136 1790 94
1528 1716 1735 1819 signo
1773 1742 1902 1793 sue
1939 1717 2323 1816 aepistolae

1429 1834 1905 1908 communiter
1939 1832 2201 1933 eligere

1431 1973 1472 2021 a
1507 1947 1668 2022 filiis
1701 1947 2079 2022 aecclesiae

1441 2072 1652 2161 atque
1687 2063 1824 2138 sibi
1859 2062 2371 2141 transmittere.

1040 2184 1134 2253 95
1526 2185 1675 2255 Hoc
1704 2184 1918 2268 Deus,
1961 2179 2206 2269 cred0,
2244 2179 2469 2256 voluit

1428 2294 1715 2392 quando
1751 2320 1872 2370 res
1907 2295 2003 2369 ita
2035 2295 2289 2372 accidit

1427 2410 1620 2508 quod
1657 2411 1888 2487 clerus
1924 2419 1998 2486 et
2030 2412 2237 2511 plebs
2267 2412 2463 2513 eligit

1426 2550 1643 2624 quem
1678 2526 2072 2625 imperator
2107 2527 2440 2626 precipit.

1038 2645 1132 2714 96
1525 2642 1656 2732 Qui
1693 2641 1847 2719 sine
1883 2642 2318 2719 dissonantia

1424 2758 1764 2834 electione
1801 2760 2066 2848 habita,

1424 2873 1522 2948 nil
1559 2899 1850 2952 sumens
1880 2875 1974 2951 de
2004 2876 2366 2966 aecclesia,

1424 3016 1515 3066 ex
1550 2992 1870 3067 omnium
1905 2993 2181 3067 licentia

1037 3111 1131 3180 97
1522 3108 1757 3209 pergit
1792 3108 1884 3183 ad
1921 3108 2156 3206 ipsum
2193 3107 2561 3183 dominum

1423 3245 1671 3321 regem
1702 3222 2084 3298 Henricum
2121 3222 2446 3313 tercium,

1423 3338 1515 3413 de
1552 3363 1697 3436 quo
1729 3341 2342 3416 Cameracensium

1423 3455 1734 3555 suscepit
1768 3455 2209 3555 episcopium
2224 3457 2251 3502 ²

1058 3747 1109 3804 1.
1149 3743 1365 3804 Inutile
1393 3745 1464 3803 de
1492 3744 1753 3819 rappeler
1779 3746 1813 3802 a
1840 3762 1946 3803 nos
1975 3745 2220 3805 lecteurs
2249 3744 2414 3819 quels
2441 3744 2657 3802 etaient
2697 3743 2781 3802 les
2817 3751 2943 3819 sept
2978 3750 3099 3801 aris

986 3836 1271 3910 liberaux,
1313 3851 1425 3909 que
1469 3851 1532 3892 se
1573 3834 2007 3907 repartisseient
2048 3834 2101 3892 le
2144 3839 2380 3891 trivium
2419 3842 2479 3892 et
2519 3832 2574 3891 le
2613 3835 3004 3905 quadrivium,
3050 3834 3101 3890 si

985 3924 1213 3982 sameux
1243 3924 1386 3981 dans
1415 3922 1472 3980 la
1498 3922 1813 3997 pedagogie
1833 3924 1910 3981 du
1935 3941 2149 3999 moyen
2166 3927 2290 3997 Age.
2323 3922 2480 3980 Ceux
2501 3923 2600 3998 qui
2620 3923 2884 3981 aui-aient
2902 3923 3103 3980 besoin

983 4014 1055 4070 de
1083 4030 1146 4070 se
1174 4011 1472 4071 rafraichir
1499 4010 1584 4069 les
1610 4012 1765 4070 idees
1794 4013 1830 4070 a
1857 4030 1922 4071 ce
1951 4015 2100 4088 sujet
2138 4019 2387 4088 penvent
2414 4012 2704 4070 consulter
2732 4012 2787 4070 le
2814 4011 3102 4070 Glossaire

983 4099 1057 4159 de
1083 4100 1177 4157 Du
1207 4101 1426 4174 Gange,
1473 4116 1586 4157 aux
1623 4110 1774 4159 mots
1806 4107 2043 4158 trivium
2074 4103 2135 4173 (t.
2165 4101 2272 4175 VI,
2303 4117 2360 4175 p.
2392 4101 2518 4173 677,
2549 4100 2653 4158 col.
2694 4100 2740 4172 1)
2778 4107 2838 4157 et
2864 4102 3100 4173 quadri-

982 4194 1141 4246 vium
1169 4195 1230 4263 (t.
1265 4189 1341 4260 V,
1371 4206 1426 4262 p.
1462 4190 1586 4261 536,
1618 4190 1726 4248 col.
1757 4191 1835 4260 2).

1053 4277 1106 4334 2.
1150 4278 1231 4335 Le
1255 4278 1388 4351 jour
1414 4278 1485 4335 de
1512 4277 1568 4336 la
1594 4277 1707 4336 fete
1735 4278 1808 4335 de
1826 4280 1886 4336 S.
1913 4276 2108 4334 Andre
2140 4276 2227 4350 (30
2257 4276 2569 4335 novembre
2600 4275 2754 4348 1093)
2787 4293 2862 4335 au
2893 4276 3098 4335 temoi·
