3558 5493
949 613 1012 662 9⁴2
1907 612 2109 664 essu

951 751 1093 820 519
1488 746 1690 836 Quod
1722 744 1984 820 faciens
2016 746 2384 820 exterritat

1386 863 1758 938 universos
1793 888 1927 962 per
1959 862 2324 938 Flandrias

1388 987 1602 1076 atque
1639 1002 1926 1052 omnem
1961 978 2081 1075 qui
2122 979 2352 1053 menia

1386 1102 1632 1168 contra
1671 1093 1865 1168 illum
1900 1094 2338 1169 firmaverat.

952 1213 1092 1286 520
1485 1207 1736 1286 vasalli
1774 1234 1949 1284 vero
1985 1210 2264 1285 comitis

1384 1350 1565 1421 quos
1598 1323 1864 1398 locarat
1898 1325 2256 1400 Cameraci

1383 1440 1472 1514 ad
1510 1439 1985 1514 resistendum
2023 1441 2246 1514 cesari

1382 1556 1792 1631 discurrunt
1828 1555 2032 1630 valde
2069 1556 2357 1656 trepidi.

946 1676 1073 1750 521
1483 1671 1591 1746 Ab
1624 1671 1927 1745 invicem
1965 1671 2414 1761 dissentiunt,

1386 1789 1566 1863 mori
1603 1789 1936 1862 timentes
1972 1789 2252 1863 seviunt
2296 1817 2312 1863 :

1385 1903 1556 2002 quid
1595 1903 1691 1977 illi
1727 1904 2015 1978 tandem
2052 1905 2356 1980 faciunt?

1384 2020 1563 2095 urbe
1602 2019 1844 2095 relicta
1880 2020 2180 2119 fugiunt.

948 2140 1090 2213 522
1484 2140 1797 2210 Duacum
1835 2135 2124 2209 intravit
2159 2161 2424 2225 oomeS,

1384 2275 1502 2325 res
1535 2259 1745 2325 ornat
1781 2250 2276 2340 defensabile3‚

1380 2376 1624 2441 monet
1659 2377 1951 2441 cunctos
1989 2392 2129 2441 non
2168 2368 2480 2467 segniter

1382 2489 1463 2555 ut
1499 2507 1576 2555 se
1612 2481 1994 2556 defendant
2031 2481 2336 2557 fortiter.

948 2600 1089 2674 523
1482 2599 1694 2673 Cesar
1731 2607 1899 2696 post
1934 2599 2123 2674 diem
2160 2600 2460 2675 tercium

1385 2713 1726 2788 assultum
1765 2713 2021 2814 prebet
2056 2715 2446 2791 maximum
2494 2743 2509 2789 :

1387 2831 1637 2904 Comes
1672 2830 1939 2904 resistit
1977 2830 2297 2919 nimium,

1383 2945 1595 3020 Cesar
1631 2970 1771 3018 non
1807 2947 1996 3044 capit
2030 2946 2402 3045 oppidum.

950 3058 1092 3136 524
1481 3066 1658 3135 Nam
1693 3062 1957 3136 cesaris
1994 3062 2347 3138 exercitus

1386 3175 1626 3250 multis
1661 3176 1732 3249 in
1771 3177 1919 3252 suis
1951 3176 2273 3276 partibus

1384 3291 1767 3366 interfectis
1804 3292 2141 3368 militibus

1389 3407 1731 3483 assultum
1768 3408 1972 3505 liquit
2009 3410 2240 3484 citius.

1106 3653 1229 3719 De
1274 3667 1480 3735 paee
1520 3653 1739 3720 inter
1777 3653 2356 3734 imperatorem
2398 3653 2485 3720 et
2525 3653 2900 3721 comitem

1763 3758 2240 3825 reformata..

951 3982 1091 4054 525
1482 3985 1673 4055 Tunc
1710 3980 1960 4054 ornnes
1996 3979 2189 4080 regis
2224 3979 2606 4080 principeS,

1389 4095 1605 4169 duces
1640 4096 2017 4195 magnique
2057 4095 2402 4195 presules,

1389 4210 1710 4286 videntes
1746 4212 1940 4311 quod
1979 4237 2120 4286 non
2157 4221 2444 4310 caperet

1387 4351 1616 4424 neque
1653 4326 1748 4402 ibi
1789 4329 2191 4426 proficeret,
