3558 5493
539 809 677 880 180

535 1272 661 1343 181
780 1297 789 1318 ·

537 1736 678 1811 182

541 2196 679 2268 183

540 2655 683 2731 184

542 3122 681 3193 185

549 3581 823 3656 185ῠί3

549 4044 689 4117 186

1450 557 1729 608 mooun.

970 716 1062 765 ex
1099 691 1223 765 Dei
1259 699 1368 765 est
1394 688 1690 789 judicio,

1069 811 1261 906 Ergo
1295 804 1418 904 qui
1455 807 1642 880 hunc
1677 804 2088 882 oeciderunt

969 921 1067 996 nil
1105 947 1182 997 se
1219 921 1600 1019 deliquisse
1635 920 1939 995 credunt

970 1061 1101 1110 nec
1136 1035 1301 1110 hinc
1336 1035 1711 1111 offendisse
1746 1040 1972 1111 Deum

971 1174 1204 1249 neque
1240 1175 1450 1226 suum
1485 1151 1928 1250 episcopum.

1069 1272 1222 1343 Non
1260 1267 1450 1342 enim
1482 1276 1734 1365 putant
1768 1267 2130 1342 hominem
2195 1299 2202 1304 ·

971 1382 1340 1472 occidisse,
1383 1382 1511 1458 sed
1547 1383 1954 1473 demonem,

971 1523 1113 1574 non
1150 1497 1611 1574 christianum
1645 1499 1978 1597 aliquem,

974 1616 1103 1691 sed
1139 1614 1531 1691 antichristi
1568 1615 1894 1691 militem.

1070 1734 1171 1806 De
1206 1735 1354 1805 Deo
1390 1731 1545 1829 ipse
1580 1732 1846 1821 nescio,

973 1846 1101 1922 sed
1138 1847 1309 1921 novi
1345 1847 1437 1921 de
1473 1845 1816 1945 episcopo

973 1961 1167 2062 quod
1206 1962 1298 2037 de
1334 1987 1502 2037 casu
1537 1971 1686 2036 tam
1723 1961 1960 2037 subito

973 2079 1434 2154 contristatur
1470 2078 1543 2152 in
1580 2077 1847 2153 animo.

1072 2199 1247 2269 Nam
1283 2195 1344 2269 si
1381 2194 1776 2270 Gerardum
1811 2196 2104 2271 antistes

974 2332 1106 2407 per
1139 2308 1409 2406 probos
1444 2308 1597 2408 ejus
1633 2308 1894 2383 milites

975 2431 1260 2521 captum
1297 2424 1541 2499 vivum
1576 2424 1947 2514 tenuisset,

911 2548 922 2559 '
976 2563 1226 2638 pacem
1259 2540 1543 2613 firmam
1576 2538 1965 2616 habuisset.

1074 2653 1400 2730 Dedisset
1430 2680 1604 2729 vero
1641 2656 2022 2732 maximam

980 2771 1442 2872 pecuniarum
1478 2771 1761 2869 copiam

976 2896 1189 2985 atque
1225 2886 1734 2985 prostravisset
1769 2912 2056 2962 omnem

976 3001 1426 3077 castellorum
1462 3002 1907 3078 munitatem.

1074 3118 1548 3216 Conqueritur
1582 3120 1824 3217 presul
1860 3118 2067 3193 valde

858 3270 881 3285 ν
979 3234 1071 3310 de
1107 3236 1246 3310 hoc
1278 3235 1596 3333 dampno
1632 3244 1848 3334 atque
1882 3259 2084 3335 pace,

981 3349 1272 3425 servitio
1308 3357 1384 3424 et
1418 3373 1663 3425 amore

978 3466 1327 3564 potuisset
1362 3490 1578 3562 quem
1609 3465 1899 3540 habere.

1076 3584 1331 3657 Comes
1366 3590 1603 3656 autem
1635 3580 1727 3655 de
1761 3580 2115 3656 Montibus

979 3720 1144 3771 cum
1177 3695 1422 3770 liberis
1457 3694 1866 3770 hominibus

980 3810 1072 3885 de
1109 3809 1404 3886 Gerardi
1441 3809 1732 3884 interitu

982 3926 1073 4001 ad
1109 3926 1466 4025 presulem
1500 3924 1986 4021 conqueritur.

1079 4044 1622 4140 conqueruntur
1656 4039 2127 4116 eomnmniter

983 4155 1175 4254 quod
1208 4164 1355 4230 tam
1392 4154 1723 4243 liberalis,
1768 4154 1970 4230 dives

986 4280 1060 4346 et
1089 4280 1236 4346 tam
1271 4271 1674 4347 nominatus
1707 4269 1910 4344 miles

2561 557 2647 610 190
