3558 5493
623 897 716 968 ⁴3

625 1354 718 1430 ⁴4

626 1821 715 1891 ⁴5

626 2279 718 2356 ⁴6

622 3105 712 3174 ⁴7

626 3572 717 3642 48

622 4035 714 4104 ⁴9

1493 526 1771 578 Nlcoml.

1013 663 1147 737 nisi
1182 662 1304 762 qui
1341 661 1569 760 possit
1603 661 1989 736 marchiam

1012 785 1085 851 et
1120 777 1300 851 hanc
1335 775 1520 850 tueri
1557 775 1890 875 patriam.

1109 892 1318 969 Plebs
1352 916 1528 992 ergo
1559 892 2084 968 Cameracensis

1010 1032 1447 1109 cognoscens
1480 1009 1663 1083 velle
1694 1008 1984 1100 cesaris,

1011 1124 1260 1226 legatis
1294 1123 1535 1199 missis
1570 1124 1726 1198 aliis

1012 1264 1180 1315 cum
1216 1239 1534 1342 sigillatis
1569 1238 1852 1329 litteris,

1110 1355 1509 1432 concedunt
1542 1355 1731 1431 votis
1768 1356 2101 1432 omnibus

1010 1479 1091 1547 ut
1125 1470 1216 1545 ab
1253 1471 1387 1547 illis
1422 1470 1805 1547 abbatibus

1009 1597 1171 1663 ante
1207 1611 1452 1687 regem
1490 1586 1941 1686 presentibus

1011 1703 1311 1803 eligatur
1346 1702 1728 1801 episcopus

1110 1826 1183 1892 et
1216 1817 1492 1894 Ottonis
1528 1817 1619 1893 de
1655 1841 1962 1917 persona

1012 1943 1284 2010 cassata
1321 1934 1413 2009 sit
1446 1935 1821 2023 memoria,

1013 2077 1195 2150 quae
1231 2076 1376 2126 non
1411 2050 1545 2126 fuit
1578 2052 1937 2126 nominata

1011 2167 1143 2242 nisi
1181 2191 1346 2243 cum
1382 2167 1573 2267 regis
1603 2167 1858 2267 gratia.

1109 2286 1263 2357 Rex
1296 2282 1434 2356 hoc
1467 2291 1700 2358 totum
1736 2282 2103 2381 prohibuit

1010 2407 1083 2472 et
1116 2398 1508 2498 prohibens
1545 2398 1892 2486 destituit,

1011 2514 1177 2612 quia
1212 2516 1407 2613 quod
1445 2540 1602 2591 esse
1640 2515 1868 2590 noluit

1013 2638 1249 2712 ratum
1285 2639 1474 2707 stare
1505 2656 1647 2706 non
1687 2630 1960 2706 debuit.

909 2874 1033 2941 De
1081 2874 1484 2942 electione
1528 2873 1911 2942 nicholai
1960 2874 2350 2958 episcopt.

1107 3105 1300 3175 Tunc
1335 3126 1464 3175 rex
1501 3110 1654 3176 erat
1687 3101 2113 3201 Aquisgrani

1010 3218 1082 3292 in
1119 3227 1363 3292 sancto
1401 3219 1663 3317 pascha
1700 3218 2007 3307 Domini,

1009 3335 1083 3408 in
1121 3334 1236 3409 die
1273 3333 1565 3432 quidem
1598 3333 1858 3410 celebri

1013 3451 1271 3526 letitiae
1307 3458 1380 3527 et
1414 3449 1649 3551 gaudii
1695 3477 1711 3523 z

1110 3567 1231 3642 ubi
1267 3566 1486 3642 duces
1521 3575 1593 3641 et
1627 3566 1925 3641 comites

1013 3690 1492 3758 convenerant
1525 3690 1597 3755 et
1628 3681 1991 3780 principes

1010 3798 1354 3897 multique
1389 3797 1526 3871 viri
1562 3797 1845 3887 divites,

1008 3915 1302 3990 abbates
1333 3922 1406 3988 et
1442 3914 1841 4013 pontifices.

1105 4031 1264 4105 Fuit
1298 4029 1674 4105 cardinalis
1710 4030 2002 4127 quidam

1010 4146 1101 4221 ad
1138 4147 1319 4221 hanc
1353 4146 1652 4220 eandem
1690 4146 1985 4234 curiam,

1011 4272 1303 4362 paratus
1339 4263 1427 4337 ad
1466 4262 1968 4338 consulendam

2611 531 2698 583 175
