3558 5493
1486 545 1748 597 0110le-
2581 542 2664 597 1¹1

559 680 794 755 nem¹.
858 682 998 754 Pro
1053 677 1276 753 multa
1321 677 1538 752 etiam
1594 677 1869 778 argenti
1917 676 2215 775 pecunia
2265 675 2671 777 pignoravit

559 796 963 871 theloneum
1004 803 1078 869 et
1115 793 1515 870 molendina
1551 803 1627 869 et
1681 792 1990 892 quedam
2046 793 2179 867 alia
2235 793 2424 867 bona
2481 792 2672 891 epis-

559 936 741 1011 copo
793 910 1253 1011 pertinentia,
1310 918 1390 985 ut
1436 910 1717 984 futurus
1758 909 2138 1009 episcopus
2181 917 2430 984 cuncta
2474 908 2673 983 inve-

559 1026 744 1101 niret
764 1024 1130 1124 impedita.
1164 1029 1389 1116 Quem
1407 1024 1498 1100 ad
1522 1048 1600 1099 se
1619 1024 2024 1100 venientem
2050 1025 2350 1100 Pascalis
2377 1033 2672 1123 paterne

557 1141 827 1242 recepit
861 1150 1074 1240 atque
1095 1140 1580 1240 powssiones
1606 1149 1680 1215 et
1713 1141 2055 1228 honores,
2095 1165 2279 1239 quos
2313 1149 2474 1215 ante
2509 1164 2675 1238 pre-

558 1257 863 1333 sulatum
910 1265 1262 1344 tenuerat,
1318 1255 1453 1331 sibi
1501 1281 1634 1355 per
1684 1255 2027 1356 judicium
2084 1254 2523 1356 recognovit.
2586 1260 2675 1331 Et

557 1372 744 1448 inter
788 1381 1023 1448 cetera
1066 1372 1133 1447 ei
1172 1371 1533 1448 redditum
1576 1370 2106 1446 Braibatensem
2153 1370 2674 1446 archidiacona-

560 1490 751 1565 tum²
787 1489 1232 1564 confirmavit
1266 1489 1364 1563 ita
1397 1487 1620 1564 libere
1655 1487 2023 1587 possidere
2058 1512 2191 1588 per
2225 1487 2673 1588 privilegium

561 1604 755 1703 quod
789 1604 956 1679 inde
984 1603 1464 1680 Cameracensi
1500 1601 1841 1701 episcopo
1877 1627 2019 1677 non
2054 1602 2517 1702 responderet
2536 1604 2564 1649 ³
2603 1613 2675 1677 et

562 1745 604 1793 a
660 1742 1108 1818 quocumque
1170 1718 1382 1792 vellet
1440 1717 1724 1817 presule
1783 1717 2090 1793 chrisma
2147 1716 2218 1791 in
2279 1716 2672 1793 ministerio

559 1858 692 1910 suo
727 1832 1105 1932 quotannis
1138 1831 1458 1907 haberet.

658 1961 742 2029 3.
773 1962 899 2028 De
924 1958 1399 2043 receptione
1428 1959 1734 2027 odonis
1761 1958 1987 2027 intra
2012 1961 2322 2027 urbem.
2353 1990 2454 2006 —
2475 1951 2677 2022 Tem·

561 2088 739 2164 pore
775 2063 894 2138 illo
931 2086 1170 2138 comes
1192 2062 1546 2138 Robertus
1572 2062 1994 2138 clericorum
2027 2062 2322 2137 consilio
2358 2062 2678 2138 Odonem

562 2177 978 2276 episcopum
1012 2175 1253 2275 posuit
1290 2176 1367 2251 in
1401 2179 1778 2253 Cameraco
1815 2177 2172 2254 victurum
2216 2178 2306 2253 de
2340 2178 2673 2277 proprio,

562 2317 706 2367 non
764 2291 856 2367 de
916 2292 1368 2392 imperatoris
1434 2292 1805 2368 beneficio.
1878 2294 2269 2393 Episcopus
2333 2292 2499 2384 iste,
2566 2293 2682 2367 vir

495 2460 504 2467 -
560 2407 946 2496 litteratae,
1004 2407 1342 2509 magister
1397 2408 1762 2509 egregiae,
1815 2409 2090 2508 patiens
2145 2418 2220 2484 et
2273 2410 2674 2499 modestus,

563 2522 844 2597 humilis
865 2521 957 2596 ad
982 2547 1259 2612 omnes,
1286 2532 1568 2599 sanctos
1590 2524 1860 2599 habens
1882 2549 2147 2614 mores,
2176 2525 2335 2615 iste,
2360 2526 2675 2625 inquam,

563 2638 939 2714 bonoravit
989 2639 1283 2714 clericos
1327 2664 1544 2738 super
1580 2665 1832 2716 omnes
1866 2641 2181 2716 ordines.
2240 2642 2447 2732 Quasi
2498 2667 2683 2717 unus

570 2752 662 2829 de
697 2752 1038 2829 fratribus
1074 2764 1218 2829 tam
1256 2780 1388 2854 per
1421 2755 1610 2829 diem
1647 2779 1861 2854 quam
1885 2780 2019 2853 per
2048 2765 2328 2830 noctem
2350 2757 2684 2856 frequen-

563 2868 743 2943 tavit
776 2869 1211 2958 aecclesiam,
1251 2879 1326 2944 et
1360 2870 1847 2968 possessiones
1881 2870 2033 2971 ejus
2068 2872 2553 2970 augmentavit
2588 2870 2678 2946 de

565 2981 771 3057 bonis
799 2982 1338 3082 temporalibus.
1379 2984 1480 3057 Nil
1527 2984 1858 3084 exigebat
1899 2993 2142 3083 preter
2173 2983 2552 3060 obsonium
2590 2985 2682 3061 de

566 3098 1211 3174 consecrationibus
1241 3099 1721 3175 ecclesiarum.
1749 3103 2009 3175 Omnes
2045 3100 2401 3200 subjectos
2435 3126 2682 3200 pasce-

565 3212 691 3288 bat
731 3223 805 3289 et
849 3213 1359 3313 multiplicabat
1402 3213 1474 3288 in
1529 3214 1871 3290 doctrinis
1916 3213 2295 3291 celestibus
2337 3214 2681 3314 quemad-

564 3329 861 3405 modum
896 3330 1121 3428 pascit
1156 3338 1229 3403 et
1269 3328 1687 3429 multiplicat
1721 3355 1896 3406 oves
1931 3355 2095 3406 suas
2127 3339 2377 3429 pastor
2416 3330 2676 3407 bonus.

641 3569 693 3626 1.
734 3565 933 3643 Comp.
965 3567 1105 3627 Gest.
1134 3569 1406 3638 Liotberti,
1439 3584 1500 3626 n.
1534 3569 1695 3628 16·23
1722 3578 1801 3644 (p.
1826 3569 2082 3638 494·496)
2103 3577 2162 3627 et
2178 3570 2320 3629 θοαί.
2340 3570 2579 3630 Gerar-di
2597 3573 2673 3639 ΙΙ,

569 3675 628 3716 ιι.
663 3659 758 3717 1-4
795 3659 868 3733 (p.
899 3657 1046 3730 498).

638 3746 693 3804 2.
735 3746 933 3821 Comp.
966 3746 1098 3821 plus
1125 3745 1270 3804 haut
1295 3747 1435 3806 (ἔσει.
1466 3748 1737 3815 Gatcheri,
1770 3753 1873 3807 str.
1903 3748 1973 3806 88
2000 3756 2059 3807 et
2085 3747 2211 3807 576.

639 3834 694 3894 3.
733 3834 868 3893 Une
903 3836 1233 3909 exemption
1270 3835 1347 3894 du
1390 3839 1584 3894 meme
1617 3852 1795 3909 genre
1832 3837 2049 3895 semble
2084 3838 2243 3895 avoir
2278 3836 2370 3895 ὁιὸ
2409 3836 2682 3896 accordee

569 3940 714 3998 pour
737 3940 820 3980 un
847 3929 1033 3999 temps
1059 3925 1093 3982 a
1121 3923 1341 3998 l’eglise
1370 3923 1441 3982 de
1472 3923 1725 3984 Tournai
1762 3942 1866 4000 par
1903 3924 1955 3983 le
1992 3928 2182 3983 meme
2211 3942 2356 4000 pape
2391 3924 2594 3983 Pascal
2621 3924 2678 3981 11

572 4011 868 4083 (Hermen.
899 4012 1166 4088 Tot-nac„
1194 4015 1444 4072 lie-staur.
1476 4015 1597 4070 abb.
1630 4015 1690 4072 S.
1721 4017 1989 4084 Martini,
2031 4031 2089 4072 n.
2123 4014 2191 4072 98
2221 4022 2390 4088 extr.‚
2433 4030 2488 4087 p.
2525 4013 2682 4086 920),

570 4116 795 4158 comme
834 4117 950 4158 une
988 4103 1425 4176 compensation
1466 4118 1541 4161 ou
1586 4118 1703 4161 une
1744 4111 1897 4162 sorte
1939 4102 2010 4161 de
2046 4103 2373 4178 mitigation
2413 4100 2485 4160 de
2526 4100 2684 4159 Petet

572 4187 942 4248 d'inferiorite
969 4193 1044 4248 οὺ
1074 4188 1131 4248 la
1156 4192 1384 4250 mettait
1411 4207 1520 4250 son
1547 4192 1730 4251 union
1766 4209 1907 4252 avec
1940 4190 1995 4251 le
2023 4192 2181 4266 siege
2208 4190 2280 4251 de
2307 4191 2516 4265 Noyon
2543 4206 2683 4249 sous

571 4275 828 4352 l’eveque
855 4277 927 4337 de
954 4285 1103 4337 cette
1131 4277 1396 4338 derniere
1426 4278 1580 4339 ville.
