3558 5493
889 622 980 675 170

886 993 1028 1062 305

885 1569 1024 1640 310

884 2146 1025 2217 315

884 2725 1024 2802 320

880 3305 1023 3381 325

880 3885 1022 3956 330

1853 615 2060 667 GESTA

1275 743 1496 827 immo
1534 775 1611 825 se
1649 774 2098 849 nequaquam
2132 750 2413 825 audisse
2450 761 2778 828 asserunt
2812 780 2827 827 ε

1179 870 1366 945 unde
1402 869 1583 942 iram
1618 866 1769 954 Dei,
1814 891 2054 965 spero,
2098 866 2536 942 deserviunt.

1276 974 1451 1059 Nam
1484 982 1811 1081 quamvis
1848 1006 2067 1081 super
2102 1006 2179 1056 se
2217 981 2522 1057 habeant
2557 981 2926 1058 dominum

1176 1124 1515 1199 nequam,
1559 1098 2050 1183 inhumanum,
2092 1096 2478 1188 crudelem,
2522 1099 2938 1197 pessimum,

1273 1224 1510 1289 tamen
1549 1213 1958 1288 conservari
1991 1211 2208 1288 debet
2243 1212 2544 1288 fidelitas

1174 1355 1390 1431 quam
1427 1330 1561 1404 sibi
1598 1328 1952 1427 promittit
1987 1328 2327 1427 cujusque
2363 1330 2652 1404 veritas.

1272 1451 1600 1521 Fortasse
1637 1452 1941 1543 propter
1975 1444 2155 1518 hanc
2188 1444 2302 1517 vel
2339 1445 2618 1543 culpam
2655 1444 2862 1520 aliam

1176 1564 1363 1638 inter
1399 1565 1861 1640 cameracum
1898 1560 2276 1659 villamque
2313 1565 2730 1659 Hasperam,

1272 1677 1396 1753 ubi
1433 1703 1598 1752 cum
1634 1678 1893 1752 timore
1931 1702 2191 1778 magno
2229 1685 2706 1776 pervenerant

1174 1805 1246 1870 et
1280 1821 1425 1894 quo
1460 1794 1762 1869 tutiores
1799 1819 1957 1868 esse
1993 1802 2446 1893 putaverant,

1271 1909 1526 1985 accidit
1562 1910 1756 2007 quod
1794 1934 1919 1982 eos
1956 1909 2150 1982 misit
2186 1909 2257 1982 in
2295 1933 2655 1984 carcerem

1172 2027 1535 2128 predictus
1574 2025 1958 2115 Gerardus,
2000 2025 2123 2123 qui
2161 2026 2254 2099 ob
2293 2026 2663 2125 pecuniam

1174 2167 1566 2241 numquam
1603 2141 1719 2215 ulli
1758 2141 1974 2216 fidem
2013 2141 2326 2240 portavit
2365 2140 2717 2217 stabilem.

1269 2257 1377 2332 Ab
1415 2257 1551 2331 illis
1587 2257 1851 2331 etenim
1886 2256 2008 2354 qui
2047 2264 2254 2330 erant
2286 2256 2545 2331 divites

1171 2373 1472 2449 extorsit
1507 2372 1754 2472 viginti
1792 2395 2068 2446 marcas
2104 2371 2464 2462 undecies,

1270 2489 1368 2564 ita
1404 2487 1596 2588 quod
1636 2497 1937 2587 propter
1972 2490 2109 2561 hoc
2144 2512 2275 2562 nec
2309 2487 2827 2585 querimoniam

1174 2630 1306 2680 nec
1339 2604 1554 2679 ullam
1589 2604 1843 2679 sentiet
1879 2603 2381 2678 inimicitiam1.

1272 2722 1485 2796 Istam
1523 2719 1952 2819 captionem,
1994 2719 2130 2795 hoc
2166 2719 2509 2796 damnum
2542 2720 2801 2796 iterum

1172 2838 1547 2937 imponunt
1582 2836 1846 2935 captivi
1883 2861 2103 2935 super
2135 2836 2580 2935 episcopum.

1270 2957 1603 3029 Ceterum
1637 2960 1808 3053 post
1841 2952 1998 3027 illos
2034 2977 2369 3027 reversus
2405 2952 2725 3051 pontifex

1171 3069 1597 3144 monstravit
1631 3069 1995 3167 quomodo
2032 3067 2472 3167 abjudicatus
2507 3078 2619 3144 est

1245 3184 1359 3260 ‘de
1392 3185 1845 3284 prepositura
1882 3184 2102 3260 curtis
2141 3184 2547 3283 prepositus

1168 3326 1304 3402 per
1339 3309 1611 3375 cartam
1645 3300 1911 3375 cesaris
1949 3299 2600 3376 Cameracensibus.

1265 3421 1429 3492 Mox
1463 3416 1622 3490 illos
1658 3416 1782 3515 qui
1819 3416 2013 3490 cives
2049 3424 2389 3515 ceperant

1170 3542 1244 3608 et
1278 3532 1720 3632 capientibus
1756 3557 2126 3608 assensum
2163 3531 2535 3621 dederant,

1267 3674 1359 3722 ex
1394 3649 1860 3724 anathematis
1897 3648 2141 3746 ligavit
2173 3647 2481 3737 vinculo,

1171 3763 1410 3839 divina
1445 3764 1811 3841 celebrans
1848 3765 1964 3839 die
2001 3763 2383 3838 dominicO.

1269 3881 1531 3955 Dehinc
1565 3880 1932 3955 maledixit
1967 3880 2090 3978 qui
2127 3878 2577 3979 privilegium

1172 3996 1447 4075 Cesaris
1478 3996 1764 4097 infregit
1796 4006 2097 4096 propter
2133 3995 2607 4095 prepositum.

953 4194 1004 4248 1.
1044 4196 1126 4248 ita
1153 4194 1388 4262 quod—
1406 4196 1795 4259 inimicitiam,
1831 4191 1999 4249 c‘-est
2001 4191 2064 4249 a·
2037 4191 2192 4248 -dire
2212 4206 2287 4248 en
2310 4189 2435 4248 leur
2453 4190 2665 4248 faisant
2690 4196 3003 4264 promettre

877 4280 1047 4354 qn'ils
1086 4297 1160 4339 ne
1201 4280 1256 4339 le
1298 4282 1760 4356 poursuivraient
1796 4282 2035 4356 jamaiS,
2081 4280 2194 4339 soit
2233 4296 2306 4339 en
2343 4280 2584 4354 justice,
2629 4278 2743 4337 soit
2778 4295 2881 4391 par
2917 4279 3001 4336 les

880 4387 1090 4443 armes,
1119 4386 1194 4428 au
1222 4372 1372 4446 sujet
1398 4370 1470 4430 de
1497 4379 1647 4430 cette
1674 4370 1937 4430 amende.
