3558 5493
1413 477 1753 530 canonum.
2582 477 2646 531 79

521 613 668 688 454
1058 614 1160 687 De
1196 613 1333 687 hoc
1366 634 1543 710 ergo
1579 609 1906 699 ridicule,

961 729 1054 805 de
1087 729 1225 803 hoc
1260 728 1451 804 dono
1489 727 1810 803 adultero

960 844 1035 917 in
1071 852 1226 918 toto
1260 843 1508 920 mundi
1544 842 1814 942 populo

959 959 1044 1033 fit
1077 958 1368 1060 grandis
1402 958 1804 1034 admiratio.

523 1074 668 1148 455
1062 1078 1237 1151 Cum
1275 1074 1464 1150 enim
1499 1074 1678 1164 vult,
1720 1075 1847 1149 dat
1878 1072 1993 1148 vel
2027 1073 2258 1150 aufert

964 1190 1303 1289 quicquid
1339 1190 1432 1266 ad
1468 1214 1715 1291 regem
1752 1189 2098 1288 pertinen

961 1314 1231 1381 terram
1264 1315 1522 1397 vastat,
1564 1331 1709 1381 non
1745 1306 2061 1395 refovet3

961 1431 1255 1498 cunctos
1289 1423 1490 1513 ledit,
1534 1448 1674 1498 non
1716 1422 2044 1499 sustinet.

523 1541 668 1615 456
1061 1539 1536 1640 congregavit
1570 1538 1663 1614 ad
1700 1539 2028 1614 ultimum

963 1655 1168 1732 istius
1203 1656 1405 1732 urbis
1439 1655 1789 1755 populum

963 1776 1395 1870 Estrumque
1431 1772 1685 1847 stravit
1720 1770 2096 1871 oppidum,

966 1889 1325 1988 pontificis
1359 1888 1782 1988 hospicium.

573 2133 802 2217 Quod
827 2133 1289 2202 Galcherus
1317 2133 1402 2199 in
1429 2133 1670 2201 Novo
1700 2132 1999 2200 castro
2037 2132 2153 2200 sit
2189 2133 2602 2217 receptus.

525 2342 670 2416 457
1064 2343 1243 2417 Hinc
1280 2341 1660 2417 G'alcherus
1693 2342 2087 2442 expellitur·

963 2459 1331 2559 victusque
1368 2459 1501 2534 sibi
1540 2459 1812 2535 tollitur
1855 2488 1871 2534 ε
2013 2460 2037 2483 “

964 2575 1088 2672 qui
1121 2583 1362 2649 tamen
1396 2601 1438 2649 a
1477 2575 1954 2675 burgensibus

966 2689 1145 2765 Novi
1180 2689 1406 2767 Castri
1442 2691 1809 2790 recipitur.

531 2808 676 2881 458
1068 2811 1205 2881 Per
1236 2806 1418 2880 hanc
1452 2831 1628 2906 ergo
1664 2806 2093 2882 dementiam

970 2931 1045 2997 et
1079 2923 1341 2998 civium
1376 2921 1743 2996 audaciam

973 3037 1398 3115 Godefridus
1430 3038 1615 3113 hanc
1647 3038 1985 3114 miseram

971 3152 1178 3228 valde
1214 3153 1532 3228 turbavit
1566 3154 1900 3253 patriam.

535 3269 677 3343 459
1067 3269 1427 3368 Movitque
1464 3271 1654 3370 regis
1690 3269 2005 3345 animum

973 3383 1066 3460 ad
1102 3384 1283 3460 iram
1320 3394 1394 3460 et
1428 3386 1522 3461 ad
1557 3386 1804 3461 odium

973 3509 1221 3575 contra
1258 3501 1650 3602 superbum
1686 3502 2034 3601 populum

537 3721 613 3779 ici
639 3737 755 3780 une
784 3721 1100 3796 singuliere
1130 3721 1399 3796 meprise.
1429 3723 1481 3779 Il
1508 3722 1655 3782 croit
1679 3739 1792 3798 qne
1810 3721 2052 3796 Hugues
2070 3721 2147 3778 10¹·
2168 3719 2359 3780 devait
2384 3724 2504 3781 Atre
2533 3729 2659 3796 trop

536 3810 705 3867 vieux
736 3827 809 3867 en
842 3810 975 3869 1096
1008 3827 1153 3884 pour
1179 3811 1416 3869 assistet
1441 3811 1478 3869 a
1503 3828 1586 3868 un
1614 3813 1868 3884 tournoi,
1899 3818 1957 3869 et
1985 3812 2028 3867 il
2056 3827 2130 3868 ne
2158 3813 2339 3884 prend
2359 3827 2462 3886 pas
2483 3810 2659 3885 garde

535 3916 647 3973 que
677 3915 741 3957 ce
769 3898 998 3957 tournoi
1027 3900 1183 3957 avait
1209 3898 1301 3957 ete
1329 3898 1595 3973 organise
1622 3917 1725 3974 par
1743 3897 2026 3958 Anselme
2056 3899 2127 3957 de
2147 3899 2480 3971 Ribemont,
2507 3901 2542 3956 a
2561 3901 2661 3975 qui

535 3987 692 4045 avait
721 3987 813 4046 ete
841 3988 1059 4047 confice
1086 3988 1144 4046 la
1170 3988 1372 4047 tutelle
1399 3988 1470 4046 de
1488 3987 1729 4062 Hugues
1749 3989 1825 4046 1oe
1843 4005 2033 4046 encore
2062 3992 2258 4059 ansam
2290 3990 2473 4062 (apres
2502 3988 2657 4060 1051)

535 4077 695 4147 (Gest.
727 4080 1000 4145 Lietberti,
1034 4095 1097 4136 n.
1129 4078 1185 4148 8,
1215 4093 1272 4150 p.
1303 4077 1452 4149 493),
1483 4085 1544 4135 et
1569 4077 1668 4152 qui
1697 4095 1759 4136 se
1788 4086 1990 4136 trouva
2017 4095 2224 4137 encore
2252 4095 2411 4136 assez
2435 4084 2561 4134 vert
2585 4093 2659 4135 en

538 4165 674 4223 1096
703 4184 844 4241 pour
872 4165 1116 4241 prendre
1144 4166 1201 4223 la
1219 4168 1378 4225 croix
1402 4174 1461 4225 et
1478 4164 1618 4224 aller
1634 4184 1944 4242 guerroyer
1962 4184 2037 4227 en
2056 4175 2205 4225 terre
2231 4168 2418 4224 sainte
2446 4169 2654 4239 (comp.

539 4253 666 4329 plus
691 4255 832 4313 haut
858 4273 914 4329 p.
950 4256 1036 4327 10,
1066 4262 1203 4314 note
1229 4256 1305 4328 Ξ).
