3558 5493
958 562 1021 616 90
1917 568 2123 620 GRSTA

1000 810 1123 877 Do
1160 810 1424 889 morta
1451 811 1791 879 Hom-iol
1829 813 2354 896 imperatoris
2382 819 2470 886 ot
2497 824 3024 893 succensione

1620 918 1768 985 fun
1810 921 1994 1004 ojus
2029 923 2396 993 Hom-iot.

957 1124 1099 1196 509
1490 1124 1641 1194 Non
1679 1122 1982 1197 multum
2018 1126 2308 1223 quidem
2344 1137 2591 1227 postea

1390 1236 1485 1311 ob
1521 1236 1651 1312 heo
1685 1246 1757 1313 et
1795 1239 2016 1314 multa
2048 1242 2184 1317 alia

1390 1363 1838 1428 accesserunt
1871 1357 2235 1434 mortifera

1390 1470 1543 1569 regi
1577 1478 1829 1545 nostro
1863 1474 2246 1550 contraria.

952 1587 1095 1656 510
1485 1590 1663 1660 Nam
1698 1586 2000 1663 fortasse
2036 1592 2456 1668 caelestibus

1388 1725 1480 1776 ex
1516 1701 2131 1801 dispositionibus¹

1388 1816 1700 1892 surrexit
1729 1818 1883 1918 ejus
1919 1817 2103 1894 filius

1385 1940 1728 2029 tanquam
1764 1932 1991 2007 hostis
2020 1943 2401 2013 extraneus

948 2050 1076 2119 511
1483 2047 1828 2123 adversus
1862 2049 2099 2147 ipsum
2134 2076 2449 2128 cesarem
2492 2082 2508 2129 :

1383 2163 1497 2238 oui
1530 2188 1897 2255 coronam,
1940 2165 2282 2256 lanceam,

1384 2288 1776 2379 sceptrum,
1819 2283 2023 2383 regni
2061 2286 2454 2383 potentiam

1392 2421 1821 2496 omnemque
1856 2399 2014 2473 tulit
2049 2399 2375 2499 gloriam.

945 2512 1088 2588 5⁴2
1478 2512 1612 2602 Qui
1646 2539 1687 2587 a
1724 2515 1999 2589 cunctis
2034 2516 2473 2616 principibus

1380 2627 1664 2727 fugatus
1700 2639 2067 2728 tamquam
2104 2635 2458 2731 reprobus
2562 2623 2565 2627 ’

1381 2743 1671 2821 tandem
1710 2746 1862 2822 sine
1897 2749 2257 2848 regalibus

1379 2859 1510 2935 fuit
1546 2861 1800 2963 Legiae
1838 2872 2189 2941 mot-tuna.

942 2976 1086 3047 513
1481 2978 1596 3053 Sic
1630 2977 1818 3054 filius
1852 3004 2159 3080 regnum
2189 2990 2386 3057 tenet

1375 3092 1487 3167 cui
1527 3093 1870 3168 Henrious
1908 3120 2167 3170 nomen
2202 3106 2313 3171 est
2356 3126 2372 3172 ε
2428 3153 2436 3162 .

1381 3207 1484 3281 sio
1520 3208 1852 3306 imperat,
1891 3210 2001 3311 ⁴‘sic
2035 3213 2334 3311 optinet,

1380 3322 1481 3398 sic
1516 3323 1850 3399 universa
1885 3328 2231 3425 possidet.

1054 3559 1179 3626 Do
1216 3559 1725 3643 protectione
1762 3562 2151 3634 Galohori
2190 3569 2300 3636 ad
2335 3568 2937 3653 imperatorem.

939 3762 1018 3832 51
1036 3758 1085 3832 4
1474 3763 1675 3838 Illum
1711 3766 2096 3844 Galcherus
2131 3768 2306 3844 adiit

1365 3877 1863 3979 justiciamque
1899 3884 2102 3982 petiit

1377 3994 1467 4069 de
1501 3997 1815 4073 Roberto
1846 3999 2277 4077 Flandriensi

1374 4113 1741 4188 turbatore
1777 4113 2088 4215 imperii.

1013 4330 1064 4387 1.
1106 4333 1576 4403 dispositionibus.
1610 4335 1774 4394 Dans
1802 4336 1856 4394 le
1882 4353 1990 4396 ms,
2022 4342 2442 4411 disputionibus.
