3558 5493
889 558 976 609 120
1845 551 2050 603 GESTA

882 689 1336 765 dentissimus
1352 744 1371 776 ,
1444 686 1567 784 qui
1631 654 1854 761 noluit
1907 685 2252 760 assentire
2311 685 2510 760 factis
2569 686 2660 760 de
2720 688 3003 763 castello

880 804 1489 891 concessionibus,
1555 802 1774 876 immo
1836 800 2007 877 illud
2066 825 2233 876 cum
2285 802 2682 877 castellania
2735 803 2807 877 in
2858 804 3003 877 suis

877 921 1167 997 retinuit
1203 919 1556 994 manibus.
1600 923 1777 994 Ecce
1814 917 2011 993 venit
2048 918 2170 1016 qui
2207 918 2567 1017 presulem
2605 943 2747 993 non
2783 944 3003 994 nove-

875 1048 1012 1127 rat,
1047 1062 1210 1112 ecce
1237 1036 1433 1111 venit
1458 1045 1826 1134 tamquam
1855 1035 2125 1109 Pharao
2156 1034 2279 1133 qui
2306 1035 2569 1133 Joseph
2597 1035 2995 1135 ignorabat,

874 1179 1039 1231 ecce
1093 1153 1360 1253 presuli
1407 1152 1662 1228 crescit
1710 1151 1915 1225 labor
1963 1159 2034 1226 et
2087 1150 2594 1226 detrimentum
2613 1209 2631 1240 ,
2697 1152 2860 1249 quia
2909 1151 3000 1226 de

872 1271 1329 1346 concessione
1365 1268 1672 1344 defuncti
1709 1267 1987 1341 comitis
2034 1268 2388 1343 neminem
2434 1268 2681 1343 habuit
2725 1277 3001 1343 susten-

870 1395 1177 1462 tatorem
1223 1395 1469 1460 contra
1516 1385 1753 1483 ipsum
1797 1384 2132 1458 Karolum
2180 1383 2460 1458 noviter
2508 1384 2992 1460 constitutum.

870 1503 1159 1577 Noviter
1198 1501 1387 1576 enim
1425 1500 1870 1577 introductus
1913 1523 2163 1573 omnes
2209 1524 2558 1599 occupare
2595 1500 3001 1599 concupivit

870 1616 1190 1692 redditus
1226 1624 1299 1691 et
1335 1616 1672 1703 honores,
1716 1639 2182 1713 quoscunque
2219 1614 2291 1688 in
2331 1614 2475 1688 vita
2514 1639 2641 1688 sua
2659 1614 2851 1714 juste
2882 1615 2996 1689 vel

870 1731 1125 1831 injuste
1154 1740 1528 1806 tenuerant
1550 1731 1771 1830 ipsius
1795 1729 2370 1828 predecessores,
2406 1729 2538 1820 Qui
2559 1730 2746 1804 inter
2764 1740 2997 1805 cetera

869 1872 1051 1946 quae
1101 1871 1195 1920 ex
1247 1846 1540 1921 consilio
1597 1845 1915 1921 fidelium
1972 1844 2458 1943 disposuerat,
2527 1846 2994 1921 castellaniam

867 1962 1178 2037 reddidit
1203 1963 1480 2062 Hugoni
1507 1961 1914 2050 castellano,
1939 1985 2027 2034 eo
2042 1960 2202 2061 jure
2225 1968 2298 2034 et
2317 1960 2608 2035 servitio
2635 1987 2780 2061 quo
2800 1961 2996 2062 prius

869 2103 1025 2153 eam
1076 2086 1400 2154 tenuerat
1449 2077 1540 2152 de
1600 2077 1744 2151 suis
1807 2075 2470 2175 predecessoribus,
2539 2077 2629 2151 de
2680 2076 2995 2153 Roberto

866 2194 1131 2269 scilicet
1166 2202 1238 2268 et
1271 2192 1613 2269 Balduino
1659 2193 1805 2266 filio
1852 2193 2002 2293 ejus
2041 2191 2533 2267 Flandriarum
2581 2192 2986 2267 comitibus.

864 2308 1062 2383 Unde
1106 2307 1349 2405 presul
1394 2307 1642 2383 dolens
1691 2314 1763 2380 et
1813 2306 2128 2406 graviter
2173 2329 2617 2402 conquerens
2664 2307 2994 2381 convenit

863 2423 1100 2521 ipsum
1156 2423 1634 2498 venerabilem
1695 2418 2070 2497 comitatus
2135 2446 2621 2496 successorem
2686 2431 2761 2497 et
2827 2447 2991 2497 cum

861 2563 1158 2638 magnae
1212 2538 1625 2614 humilitatis
1674 2538 2056 2614 devotione
2114 2562 2317 2612 suam
2365 2538 2679 2636 quesivit
2727 2538 2991 2614 habere

860 2655 1159 2758 gratiam
1206 2663 1280 2730 et
1324 2680 1541 2754 super
1585 2654 1835 2729 ablatis
1880 2654 2468 2731 misericordiam.
2523 2654 2655 2746 Qui
2699 2654 2989 2730 tandem

862 2777 1266 2846 commotus
1327 2779 1474 2845 tam
1539 2770 1835 2846 servitio
1899 2770 2203 2870 presulis
2266 2771 2523 2868 quam¹
2596 2771 2989 2846 amicorum

857 2885 1226 2984 precibuS,
1280 2884 1754 2959 castellaniam
1801 2885 2140 2975 retinenS,
2190 2884 2551 2960 castellum
2610 2885 2920 2960 reddidit
2963 2914 2979 2960 :

853 3003 953 3075 'ita
989 3009 1229 3076 tamen
1276 3001 1470 3099 quod
1516 3002 1578 3076 si
1622 3002 2002 3101 aliquando
2051 3001 2184 3076 sibi
2237 3002 2419 3076 foret
2466 3003 2979 3090 necessarium,

855 3118 927 3192 in
964 3116 1220 3192 eodem
1253 3117 1546 3193 haberet
1584 3118 1898 3205 castello,
1943 3118 2123 3192 sicut
2156 3117 2563 3217 episcopus,
2607 3128 2679 3192 et
2702 3119 2983 3216 plenam

854 3233 1188 3308 fiduciam
1222 3240 1296 3308 et
1330 3232 1539 3309 fidele
1585 3233 1965 3333 refugium.
2018 3236 2265 3309 Cetera
2313 3234 2486 3331 quid
2532 3233 2806 3310 dicam?
2850 3235 2984 3309 hoc

854 3357 1086 3425 totum
1121 3349 1225 3425 sic
1247 3356 1372 3424 ‘est
1406 3373 1823 3423 concessum
1862 3349 2104 3446 sicque
2141 3350 2630 3426 constitutum.

954 3470 1033 3537 8.
1083 3470 1209 3536 De
1238 3469 1587 3551 Hugone
1621 3469 2106 3536 castellano.
2149 3507 2248 3523 -
2282 3470 2451 3540 Post
2487 3465 2660 3540 haec
2696 3466 2903 3542 citius
2939 3493 2980 3541 a

928 3661 980 3717 1.
1022 3657 1350 3717 Ati-desem
1378 3657 1480 3717 des
1509 3667 1659 3716 mots
1683 3665 1927 3730 presulis
1955 3678 2126 3732 quam
2154 3677 2231 3718 on
2259 3659 2326 3716 lit
2352 3658 2495 3717 dans
2527 3660 2580 3718 le
2615 3677 2727 3718 ms.
2759 3678 2978 3719 mroas

852 3750 1139 3806 ducentas.
1183 3746 1343 3806 Dans
1383 3745 1440 3805 la
1478 3747 1728 3806 Vei-sion
1768 3749 2050 3821 franceise
2090 3765 2237 3808 nous
2286 3756 2561 3807 trouvons
2607 3757 2773 3809 notre
2820 3758 2978 3810 texte

854 3837 1004 3896 ainsi
1032 3836 1213 3895 rendu
1238 3854 1250 3893 :
1278 3839 1595 3909 Nequedent
1610 3854 1719 3909 par
1729 3843 1949 3910 proicere
1967 3843 2031 3897 de
2049 3857 2130 3896 ses
2144 3843 2293 3895 amis
2314 3845 2362 3895 et
2376 3855 2525 3911 pour
2544 3838 2651 3897 200
2670 3858 2855 3899 maros
2873 3859 2978 3913 que

854 3929 899 3983 li
934 3943 1176 3999 evesques
1217 3930 1263 3985 li
1302 3928 1494 3995 baina,
1538 3932 1582 3984 il
1621 3931 1708 3984 lui
1747 3930 1937 3985 rendit
1977 3932 2025 3985 le
2062 3931 2249 3985 castiel
2285 3945 2355 3984 en
2396 3929 2701 3986 Gambrosis
2742 3933 2815 4003 (p.
2849 3930 2974 4002 522,

851 4031 912 4071 n.
953 4014 1061 4089 35).
1093 4013 1145 4071 11
1179 4032 1219 4089 y
1253 4032 1289 4072 a
1327 4030 1463 4072 sans
1499 4015 1673 4073 doute
1709 4032 1827 4073 une
1866 4015 2167 4074 confusion
2216 4014 2289 4073 de
2325 4014 2475 4073 deux
2514 4015 2645 4074 faits
2681 4015 2975 4075 differents

850 4101 995 4161 dans
1025 4101 1079 4159 la
1100 4102 1430 4176 Chronique
1458 4102 1530 4161 de
1552 4102 1968 4175 saint-Andre,
1993 4108 2067 4161 οὺ
2089 4102 2132 4160 il
2159 4110 2249 4160 est
2275 4103 2395 4161 dit:
2418 4106 2522 4162 Hic
2554 4105 2970 4174 [Burchacdus]

720 4211 724 4216 ·
849 4208 886 4247 a
913 4196 1108 4248 comite
1135 4194 1431 4259 Balduim,
1465 4194 1603 4249 dum
1630 4196 1985 4265 aeqritudine
2017 4195 2358 4250 diutina.....
2386 4197 2680 4263 laboraret,
2714 4212 2829 4251 non
2854 4199 2973 4252 sine

845 4283 1024 4348 pretio
1052 4295 1253 4350 maqno
1282 4283 1624 4337 consiliariis
1653 4287 1770 4353 ejus
1801 4284 2012 4346 collato,
2040 4282 2185 4338 hanc
2203 4285 2403 4338 villam
2431 4299 2555 4338 cum
2589 4287 2745 4339 turri
2771 4287 2969 4355 recepit

853 4365 1073 4435 (Chron.
1106 4367 1163 4425 S.
1196 4371 1399 4437 Andr„
1435 4386 1484 4426 c.
1520 4368 1611 4441 29,
1644 4386 1700 4443 p.
1732 4369 1879 4440 546).
