3558 5493
1297 604 1638 660 (tunultu.

407 722 558 799 477
947 735 1269 812 Ansellus
1304 737 1402 813 ob
1435 739 1572 816 hoc
1605 743 1920 843 trepidat

846 873 1067 949 seque
1101 852 1373 929 absolvi
1410 858 1745 955 postulat,

846 962 938 1037 de
971 966 1208 1043 reditu
1245 994 1388 1045 non
1424 975 1688 1073 cogitat

763 1170 768 1175 ¹
843 1079 1184 1158 Galchero
1221 1109 1365 1161 non
1402 1090 1784 1166 renuntiat.

781 1323 904 1391 De
948 1278 1351 1399 electione
1392 1333 1697 1404 odonis
1737 1339 2131 1426 episcopi.

393 1536 541 1610 478
935 1550 1132 1623 Nunc
1167 1552 1369 1648 quasi
1406 1553 1479 1627 in
1511 1556 1861 1657 principio

832 1686 923 1734 ex
962 1662 1407 1743 Clarimontis
1443 1671 1716 1768 synodo

828 1788 1121 1853 renovat
1129 1806 1214 1854 ur
1249 1783 1562 1860 turbatio

828 1893 1313 1972 cameracensi
1350 1902 1643 2000 populo,

388 1996 532 2071 479
924 2012 1080 2083 Non
1117 2013 1419 2088 multum
1456 2017 1646 2092 enim
1681 2018 1961 2123 longius

819 2120 1025 2220 jubet
1061 2127 1634 2232 archiepiscopus

823 2246 904 2311 ut
938 2242 1296 2319 Cameraci
1333 2246 1509 2322 alius

823 2353 1120 2455 eligatur
1154 2361 1560 2462 episcopus.

379 2459 525 2535 480
918 2476 1057 2547 Pro
1094 2475 1204 2550 his
1237 2479 1747 2558 monitionibus

820 2588 1059 2663 Remis
1094 2616 1347 2668 omnes
1381 2599 1834 2694 perreximus

816 2710 891 2778 et
925 2706 1118 2802 quod
1151 2708 1313 2784 inde
1350 2720 1759 2810 pateremur

815 2819 1207 2916 periculum
1244 2813 1710 2920 ostendimus,

375 2924 506 2997 481
914 2934 1228 3013 dicentes
1267 2966 1284 3013 :
1327 2941 1545 3017 Pater
1580 2949 1855 3044 optime,

811 3072 897 3122 ne
933 3073 1138 3148 eoqas
1174 3079 1297 3129 nos
1334 3055 1457 3132 hoe
1494 3069 1790 3160 tempore

809 3165 1201 3244 electionem
1236 3173 1466 3268 facere

811 3278 895 3354 de
933 3283 1164 3381 aliquo
1193 3293 1543 3387 pontifice.

370 3385 513 3466 482
905 3396 1081 3472 Nam
1120 3401 1481 3482 cameraci
1515 3411 1771 3486 residet

805 3512 1011 3587 nimis
1038 3522 1512 3614 potentialiter

813 3626 1192 3707 Galcherns
1229 3636 1391 3710 olim
1417 3642 1735 3738 pontifex

804 3753 872 3816 et
905 3768 1030 3820 nos
1067 3761 1253 3823 amat
1287 3761 1354 3825 et
1389 3758 1684 3831 sustinet
1721 3781 1750 3830 .·

359 3850 506 3925 483
902 3872 969 3934 et
995 3887 1128 3960 per
1161 3889 1285 3940 nos
1321 3881 1520 3967 roqat
1552 3875 1824 3948 veniam
1972 3949 1975 3950 f

798 3985 866 4048 et
898 3979 965 4051 si
997 3980 1073 4053 in
1108 4003 1187 4055 eo
1224 3983 1531 4082 aliquam

799 4115 935 4167 non
972 4092 1178 4170 habes
1204 4103 1640 4197 patientiam,

799 4208 935 4282 sibi
968 4213 1145 4307 facis
1182 4216 1540 4312 injuriam.

356 4313 503 4388 484
548 4329 556 4338 ’
900 4324 1045 4401 Lex
1082 4331 1263 4403 enim
1299 4338 1515 4408 omnis
1544 4336 1885 4432 predicat,
