3558 5493
474 955 619 1031 492

477 1418 618 1490 ⁴93

478 1874 620 1950 ⁴94

476 2343 616 2414 ⁴95

476 2802 616 2876 ⁴96

1357 575 1703 647 cuffiam.
2533 569 2592 621 35

912 716 1237 794 Urbanus
1272 713 1511 813 ipsum
1546 709 2002 788 Lambertum

913 838 1255 909 statuerat
1284 829 1730 928 episcopum,

1011 945 1455 1047 respondens
1491 969 1676 1045 papa
1712 942 1989 1018 duriter
2003 942 2059 1032 ¹,

911 1062 1240 1138 clamavit
1282 1088 1299 1135 ε
1344 1069 1610 1136 cesam
1645 1081 1940 1133 canones

911 1180 1077 1279 quia
1114 1203 1366 1254 omnes
1402 1202 1570 1253 suae
1605 1176 1803 1277 leges

912 1302 1185 1370 starent
1215 1291 1774 1369 auctorizabiles.

1011 1411 1121 1488 Ad
1150 1410 1288 1485 hoc
1319 1407 1675 1495 turbatus,
1716 1406 2050 1483 turbidus

912 1526 1265 1616 Urbanus,
1306 1525 1545 1611 fallax,
1582 1512 1876 1622 'impium

911 1664 1361 1740 nequaquam
1388 1639 1847 1738 apostolicus,

911 1756 1043 1832 sed
1082 1755 1308 1855 magis
1343 1752 1800 1853 apostaticus,

1011 1875 1327 1946 Manasse
1359 1868 1601 1944 statim
1635 1868 1968 1967 imperat,

911 2013 1078 2063 nam
1111 1987 1209 2067 ibi
1246 2009 1544 2086 presens
1578 1983 1854 2074 aderat,

910 2113 991 2179 ut
1026 2103 1261 2202 palam
1296 2101 1661 2201 planctum
1693 2100 1902 2175 faciat

909 2220 1000 2296 de
1035 2219 1376 2294 electione
1410 2242 1566 2293 sua.

1008 2336 1114 2411 Ob
1151 2335 1287 2409 hoc
1321 2358 1521 2434 ergo·
1532 2332 1910 2407 mirificum

909 2451 1213 2527 miratur
1246 2451 1459 2527 turba
1495 2450 1890 2549 presulum,

911 2569 986 2643 in
1021 2568 1247 2643 extasi
1283 2575 1422 2642 stat
1458 2566 1779 2641 omnium

911 2684 1333 2760 clericorum
1368 2682 1743 2758 concilium
1756 2683 1813 2756 ².

1010 2799 1413 2899 Consurgit,
1455 2797 1711 2873 clamat
1744 2801 2124 2887 mnaseas,

912 2915 1123 2989 infert
1159 2914 1354 3014 quod
1390 2939 1534 2989 non
1571 2913 1893 3013 legaliter

910 3030 1218 3106 domnus
1257 3029 1636 3105 Galcherus
1672 3028 1997 3127 pontifex

546 3253 598 3309 1.
637 3251 688 3309 Il
716 3258 806 3309 est
831 3252 1102 3326 probable
1129 3269 1203 3310 en
1232 3252 1367 3310 effet
1393 3268 1508 3327 que
1537 3251 1591 3310 le
1616 3267 1762 3325 pape
1790 3266 1932 3308 aura
1961 3249 2214 3325 repondu
2245 3265 2405 3308 assez
2432 3249 2594 3308 durs·

472 3351 637 3396 ment
661 3339 697 3396 ὲ
724 3339 1009 3412 Gaucher,
1050 3340 1277 3414 lorsque
1314 3338 1577 3414 celui-ci,
1617 3355 1689 3396 au
1723 3337 1839 3396 lieu
1865 3337 1938 3397 de
1965 3337 2252 3412 produire‚
2278 3337 2428 3394 ainsi
2457 3337 2597 3412 qu'il

473 3427 560 3501 s’y
602 3427 742 3485 etait
781 3429 1000 3502 engage
1043 3430 1249 3504 (comp.
1297 3430 1425 3503 plus
1462 3428 1637 3503 haut,
1679 3447 1735 3503 p.
1775 3428 1865 3502 33,
1899 3434 2019 3485 not.
2056 3428 2129 3499 1),
2167 3443 2247 3484 un
2287 3426 2599 3486 document

475 3517 770 3591 pontifieal
798 3526 1137 3576 consacrant
1162 3519 1384 3577 l’union
1403 3519 1476 3576 de
1497 3517 1711 3592 l’eglise
1730 3517 1969 3574 d'Arras
1999 3516 2034 3573 a
2052 3514 2195 3575 celle
2217 3516 2290 3573 de
2308 3516 2595 3589 Gambrai,

474 3622 537 3663 se
565 3607 743 3664 borna
767 3607 803 3664 a
831 3607 970 3666 faire
999 3607 1164 3683 appel
1192 3624 1304 3666 aux
1324 3624 1541 3667 canons
1563 3609 1663 3681 qui
1680 3606 2129 3681 garantissaient
2145 3605 2320 3664 d’une
2337 3606 2600 3668 muniere

472 3695 738 3768 generale
767 3697 822 3755 la
850 3698 1107 3757 stabilite
1147 3698 1248 3756 des
1288 3698 1529 3772 eglises‚
1574 3713 1790 3754 canons
1831 3694 2112 3771 auxquels
2153 3694 2208 3752 le
2247 3696 2598 3768 saint-siege

472 3785 708 3857 pouvait
734 3784 1129 3844 evidemment
1156 3788 1394 3862 deroget
1427 3802 1571 3861 pour
1607 3786 1708 3843 des
1746 3784 1974 3843 raisons
2008 3800 2243 3858 graves,
2288 3800 2513 3843 comme
2555 3782 2599 3840 il

472 3871 547 3929 l'a
574 3872 679 3931 fait
702 3874 775 3932 de
801 3881 934 3933 tout
961 3883 1169 3952 temps.

545 3963 598 4020 2.
640 3962 744 4022 Get
771 3968 1164 4039 etonnement,
1197 3966 1288 4024 s'il
1314 3966 1505 4025 s’etait
1533 3965 1871 4025 reellement
1896 3965 2147 4039 produit,
2167 3964 2354 4023 aurait
2370 3962 2442 4020 de
2459 3962 2595 4036 quoi

474 4053 833 4126 surprendre.
874 4052 927 4111 Il
955 4060 1055 4112 eut
1080 4055 1172 4112 ete
1201 4055 1312 4114 fort
1339 4056 1648 4127 emanant,
1681 4071 1757 4114 au
1786 4055 2091 4126 contraire,
2123 4070 2238 4128 qus
2264 4052 2592 4122 Manassen,

475 4141 574 4215 qui
601 4142 756 4200 avait
783 4144 1033 4216 protsste
1060 4144 1539 4202 solennellement
1555 4144 1837 4219 quelques
1855 4143 2006 4201 mois
2025 4146 2378 4216 aupes-avant
2397 4146 2595 4198 contre

474 4227 531 4287 la
557 4231 953 4290 consecration
980 4233 1053 4291 de
1080 4233 1349 4292 Gaucher
1379 4237 1581 4307 (comp.
1617 4232 1744 4307 plus
1773 4234 1946 4305 haut,
1987 4238 2089 4288 str.
2126 4229 2407 4302 159-165),
2437 4227 2596 4285 n'eut

475 4334 578 4393 pas
605 4324 766 4393 porte
794 4336 860 4378 sa
885 4338 1058 4380 cause
1084 4322 1297 4381 devant
1323 4322 1378 4381 le
1407 4323 1710 4383 souverain
1740 4321 1962 4396 pontife
1989 4327 2050 4377 et
2077 4318 2130 4378 le
2158 4317 2399 4377 concile.
