3558 5493
966 809 1109 913 *³97

970 1271 1109 1342 ⁴98

970 1734 1110 1804 ⁴99

966 2196 1109 2271 200

966 2659 1096 2734 201

968 3121 1115 3196 202

969 3582 1113 3657 203

969 4040 1115 4118 204»

1930 557 2135 610 ausu

1408 691 1898 789 episcopatum
1932 691 2231 766 obtinet.

1505 809 1681 879 Nam
1717 805 1984 882 electus
2018 806 2350 880 canonice

1407 928 1561 995 erat
1595 946 1639 995 a
1675 921 1869 996 clero
1905 931 1976 996 et
2013 922 2223 1021 plebe

1408 1037 1933 1113 Cameracensis
1969 1039 2239 1136 patriae

1407 1152 1557 1227 sine
1593 1153 2186 1241 contradictione3

1505 1268 1633 1343 sed
1673 1293 2094 1367 supereum
2128 1278 2417 1368 ceperat

1396 1385 1561 1484 jura
1595 1385 2023 1485 episcopalia

1405 1500 1739 1575 Galeerus
1768 1525 1861 1574 ex
1896 1501 2162 1576 invidia

1405 1625 1478 1689 et
1512 1616 1843 1714 Symonis
1878 1620 2202 1715 pecunia.

1504 1730 1875 1806 Galoerum
1911 1756 2099 1831 papa
2135 1732 2451 1807 stimulat

1404 1856 1485 1921 ut
1517 1850 1833 1921 Manasse
1870 1847 2329 1945 respondeat,

1403 1970 1706 2060 uterque
1740 1986 1918 2036 vero
1954 1962 2212 2037 habeat

1407 2077 1785 2152 concilium
1821 2077 2018 2175 quod
2045 2078 2343 2177 judicat.

1502 2192 1744 2267 Presul
1784 2194 2165 2269 Galcherus
2192 2218 2544 2294 congruas

1407 2310 1794 2407 postulavit
1829 2308 2165 2400 indutias,

1406 2425 1528 2523 qui
1568 2435 1648 2499 ut
1681 2429 2035 2501 Manasses
2065 2435 2297 2500 taceat

1407 2564 1653 2615 causas
1689 2540 1909 2615 refert
1945 2541 2321 2641 legitimas.

1505 2660 1664 2756 lpse
1699 2680 2009 2755 namque
2044 2657 2379 2731 universo

1404 2781 1853 2871 representat
1889 2773 2187 2848 coneilio

1406 2896 1480 2962 et
1514 2888 1817 2986 qualiter
1851 2897 1925 2962 et
1959 2888 2321 2987 quomodo

1407 3004 1602 3078 venit
1636 3003 1711 3077 in
1745 3004 2138 3102 episcopio,

1504 3123 1759 3193 Narrat
1793 3129 1995 3217 gesta
2029 3119 2120 3194 de
2156 3119 2486 3194 omnibus

1406 3257 1548 3331 que
1585 3235 1850 3332 scripta
1886 3243 2052 3309 sunt
2088 3235 2441 3334 superius,

1406 3349 1569 3447 quis
1599 3349 1863 3424 scilieet
1897 3350 2026 3424 fuit
2061 3376 2232 3425 suus

1406 3474 1480 3539 et
1512 3470 1828 3541 Manasse
1863 3464 2224 3540 introitus.

1507 3581 1690 3655 Satis
1722 3589 1963 3654 tamen
1997 3589 2378 3679 pernotum
2414 3589 2525 3655 est

1407 3694 1571 3792 quia
1606 3718 1749 3767 non
1785 3719 2127 3794 umquam
2163 3699 2517 3769 Manasses

1407 3808 1739 3885 canonice
1775 3811 2041 3886 electus
2076 3819 2210 3900 est,

1406 3934 1489 4001 ut
1519 3925 1701 4000 ordo
1733 3927 2042 4027 scriptus
2078 3926 2434 4025 perhibet.

1506 4047 1593 4117 Et
1627 4043 1714 4130 si,
1757 4042 1951 4141 quod
1988 4066 2242 4116 verum
2272 4067 2414 4116 non
2448 4042 2607 4130 fuit,

1408 4156 1823 4232 electionem
1858 4157 2106 4232 habuit

1409 4298 1626 4371 quam
1659 4274 1731 4348 in
1767 4275 2075 4376 clamore
2113 4273 2430 4371 protulit,
