3558 5493
1418 605 1783 657 Lmnml.
2569 610 2657 663 167

828 739 1176 814 sustinent
1209 747 1284 813 et
1320 738 1591 813 donant
1625 739 1691 813 ei
1726 738 2098 815 consilium

538 857 683 938 220
829 865 1166 957 rogantes
1201 855 1432 931 facere
1469 880 1678 930 suum
1713 857 2032 932 officium
2070 884 2086 931 ε

927 997 1172 1071 quem,
1212 971 1395 1047 sicut
1429 972 1579 1047 dixi
1615 971 1686 1045 in
1722 973 1960 1071 primo
1996 973 2401 1064 dictamine,

827 1089 1071 1188 presul
1098 1089 1465 1188 juraverat
1498 1112 1801 1187 prorsus
1838 1089 2223 1187 deponere.

894 1202 1173 1280 ”Infelix
1209 1203 1533 1303 pontifex
1567 1205 1864 1280 infestus
1900 1206 2233 1282 omnibus

832 1346 994 1396 ecce
1029 1320 1393 1396 invaditur
1426 1321 1517 1395 de
1553 1322 1795 1397 multis
1829 1320 2156 1421 partibus
2199 1349 2216 1397 z

539 1439 682 1519 225
930 1446 1177 1536 aperte
1207 1437 1516 1512 fatentur
1550 1437 1748 1514 illum
1783 1439 2028 1514 hostes
2065 1438 2210 1514 ειιί1

833 1579 976 1628 non
1011 1578 1315 1654 regnare
1352 1553 1499 1642 diu,
1543 1554 1604 1628 si
1635 1563 1876 1653 potest
1911 1555 2094 1629 fieri.

544 1818 959 1902 Quomodo
1006 1816 1507 1884 Liethardus
1555 1816 1995 1898 episcopus
2042 1816 2157 1884 sit
2209 1816 2662 1898 depositus.

934 2060 1241 2162 Contigit
1277 2059 1474 2159 quod
1506 2060 1746 2137 Remis
1784 2060 1914 2134 ivit
1950 2059 2449 2151 commonituS,

834 2188 907 2254 et
940 2186 1107 2278 post
1142 2201 1307 2252 eum
1344 2177 1581 2277 pergit
1617 2176 1731 2250 ille
1766 2176 2178 2276 prepositus

935 2319 1176 2369 secum
1213 2292 1548 2367 adhibitis
1584 2292 2013 2392 quibusdam
2047 2293 2320 2368 clericis

543 2417 687 2491 230
839 2410 957 2509 qui
998 2409 1365 2484 diffamant
1396 2434 1561 2485 eum
1596 2408 1687 2483 de
1722 2410 1931 2508 culpa
1968 2409 2308 2500 heresis2,

931 2536 1004 2599 et
1041 2525 1131 2600 de
1169 2524 1700 2623 prebendarum
1735 2523 2262 2600 venditionibus

838 2651 912 2718 et
948 2641 1445 2716 aecclesiarum
1482 2641 2020 2731 sacrationibus,

936 2758 1028 2833 de
1060 2757 1320 2856 quibus
1358 2757 1582 2858 exigit
1616 2766 1864 2856 aperte
1901 2782 2199 2833 munera

839 2883 914 2949 et
948 2873 1401 2949 denominata
1436 2872 1674 2971 querit
1710 2872 2023 2946 servitia.

546 2995 692 3070 235
938 2992 1286 3064 Accusant
1321 2987 1534 3063 etiam
1570 2987 1661 3061 de
1696 2988 1834 3062 hoc
1871 2987 2316 3088 episcopum,

841 3132 929 3180 ex
967 3104 1263 3178 avaritia
1299 3104 1564 3202 ubique
1600 3105 1989 3204 cognitum,

941 3221 1136 3319 quod
1172 3221 1444 3295 nullum
1477 3220 1729 3318 recipit
1764 3220 1857 3294 ad
1893 3219 2355 3319 penitentiam

840 3338 932 3414 de
968 3364 1114 3437 quo
1150 3347 1580 3435 extorquere
1615 3337 1844 3435 possit
1879 3335 2284 3436 pecuniam.

939 3458 1039 3529 De
1074 3461 1277 3527 tanto
1314 3453 1563 3553 exlege
1599 3452 1787 3527 facto
1825 3453 2163 3552 episcopo

551 3569 697 3649 240
845 3569 1090 3644 dicunt
1125 3594 1340 3644 omne
1376 3569 1642 3643 malum
1679 3567 2239 3668 archiepiscopo,

945 3685 1147 3760 obliti
1185 3685 1276 3759 ad
1313 3685 1596 3785 plenam
1634 3684 1824 3758 ferre
1861 3684 2279 3759 memoriam

846 3810 1072 3876 totam
1103 3801 1291 3876 vitae
1329 3827 1496 3875 suae
1534 3808 1777 3874 notam
1812 3800 2180 3874 malitiam.

944 3915 1053 3991 Ad
1082 3941 1295 4015 quem
1327 3915 1859 4014 deponendum,
1888 3915 1945 3988 si
1976 3915 2136 4015 plus
2164 3940 2305 3989 non
2334 3914 2679 4002 dicerent,

629 4195 677 4249 1.
721 4192 811 4249 En
842 4191 977 4249 1134
1004 4213 1016 4246 :
1050 4206 1148 4248 car
1174 4207 1239 4249 ce
1267 4191 1357 4248 fut
1385 4206 1460 4248 en
1483 4189 1711 4265 janvier
1741 4190 1900 4262 1135,
1934 4205 2161 4247 comme
2191 4206 2337 4248 nous
2366 4188 2420 4247 le
2449 4204 2684 4246 verrons

560 4282 691 4356 plus
718 4281 821 4338 bas
851 4283 923 4348 (v.
957 4280 1101 4351 335),
1135 4297 1248 4354 que
1274 4278 1508 4337 Lietard
1542 4280 1734 4353 quitta
1760 4277 2047 4336 Cambrai.

629 4371 682 4427 2.
725 4370 924 4443 Comp.
958 4368 1089 4442 plus
1117 4368 1259 4427 haut
1286 4386 1340 4426 v.
1374 4368 1464 4426 67.
