3558 5493
930 622 989 673 74
1881 619 2087 672 amn

973 867 1098 932 De
1138 863 1449 932 iterata
1488 864 1970 946 expulsione
2006 865 2393 935 Galcherl
2433 884 2489 935 a.
2526 868 2995 941 cameraco.

926 1103 1070 1179 428
1463 1107 1540 1177 In
1580 1125 1754 1198 pace
1791 1124 1966 1200 ergo
1996 1101 2213 1199 positi

1364 1242 1528 1293 cum
1564 1226 1805 1293 essent
1838 1216 2045 1317 plebs
2081 1227 2156 1292 et
2189 1218 2451 1308 clerici,

1366 1333 1491 1431 qui
1522 1332 1799 1407 actibus
1838 1331 2157 1432 episcopi

1363 1473 1652 1547 semper
1686 1449 1974 1523 fuerunt
2006 1448 2231 1538 obvii,

926 1563 1070 1641 429
1463 1565 1786 1640 dolentes
1820 1589 1988 1639 eum
2018 1565 2264 1640 vivere

1362 1689 1434 1755 et
1472 1680 1546 1754 in
1584 1679 1799 1755 rebus
1835 1681 2217 1778 proficere,

1362 1797 1510 1897 jam
1546 1796 1638 1871 de
1670 1795 2177 1872 christianitate

1362 1912 1819 1990 Remensium
1856 1911 2236 1989 aecclesiae

921 2025 1065 2101 430
1457 2027 1629 2103 item
1665 2027 1848 2102 sicut
1881 2027 2209 2127 superius

1356 2143 1557 2219 duris
1592 2144 1922 2217 locuntur
1957 2144 2254 2219 vocibus
2300 2173 2316 2218 τ

1359 2257 1549 2334 unde
1587 2258 1830 2333 statim
1864 2257 2207 2356 accipitur

1361 2373 1731 2449 consilium
1766 2373 1860 2449 ab
1895 2373 2254 2448 omnibus.

924 2488 1067 2565 434*
1461 2495 1615 2582 Quo
1651 2499 1944 2588 accepto
1982 2490 2273 2565 consilio

1364 2606 1606 2706 presul
1643 2606 2025 2683 Galcherus
2061 2605 2220 2681 ilico

1369 2720 1782 2823 supradicto
1818 2729 2261 2798 sacramento

1366 2838 1682 2914 defendit
1713 2840 1907 2913 omni
1943 2839 2211 2939 populo

928 2951 1072 3032 432
1465 2977 1557 3027 ne
1592 2952 1685 3028 ab
1721 2952 1855 3029 illis
1887 2952 2191 3053 abjurati

1366 3067 1801 3168 recipiantur
1835 3068 2070 3143 clerici

1366 3184 1490 3281 qui
1526 3192 1692 3259 sunt
1727 3183 1879 3283 ejus
1914 3181 2178 3258 inimici

1366 3307 1439 3374 et
1477 3298 1695 3374 totius
1731 3299 2008 3397 imperii
2022 3354 2038 3373 .

928 3416 1071 3490 433
1463 3418 1613 3489 Hoc
1649 3413 1945 3489 defenso
1980 3414 2357 3514 episcopus

1367 3531 1586 3607 exivit
1618 3529 1879 3630 urbem
1912 3529 2146 3620 citius,

1364 3646 1725 3722 humiliter
1760 3654 2208 3746 spectaturus

1366 3762 1703 3862 quicquid
1740 3762 2002 3837 faceret
2036 3761 2370 3862 populus.

927 3876 1074 3952 434
1464 3878 1797 3953 Mandant
1830 3886 2068 3952 tamen
2106 3879 2299 3952 cives
2333 3877 2564 3953 cuncti

1367 3999 1755 4071 Remorum
1791 3994 2251 4092 archipresuli

1368 4117 1447 4182 ut
1484 4108 1599 4182 hic
1632 4108 1796 4182 licet
1831 4109 2245 4183 contradicti

1366 4221 1861 4323 regrediantur
1897 4223 2157 4312 clerici,

927 4338 1071 4413 435
1458 4337 1843 4438 jubeatque
1877 4338 2305 4415 descendere
