3558 5493
976 666 1116 741 548

970 1127 1111 1202 549

966 1596 1105 1664 550

961 2059 1090 2127 554

956 2521 1096 2595 552

949 2981 1091 3050 553

945 3437 1088 3510 554·

939 3897 1082 3967 555

1931 539 2132 591 GESTA

1508 675 1544 745 J
1549 668 1717 744 ubet
1752 671 1946 745 cives
1981 681 2468 749 verumtamen
2584 698 2589 701 ’

1408 791 1492 857 ut
1524 784 1823 859 afferant
1859 787 2331 885 compositam

1410 900 1929 976 communionis
1966 904 2308 979 cartulam

1408 1024 1570 1089 ante
1609 1040 1811 1090 suam
1845 1020 2300 1116 presentiam.

1507 1132 1711 1208 Cives
1743 1134 1986 1209 audito
2022 1142 2309 1227 cesare‚'

1404 1272 1492 1320 ne
1530 1248 1900 1339 irascatur,
1943 1252 2244 1349 provide

1403 1363 1708 1438 clamant
1744 1365 1838 1439 nil
1875 1370 2401 1464 pretermittere

1311 1512 1318 1517 ·
1402 1476 1492 1552 de
1530 1479 1640 1551 his
1678 1503 1860 1577 quae
1896 1491 2104 1581 rogat
2136 1484 2393 1560 facere.

1497 1595 1811 1670 Affertur
1847 1597 2294 1698 privilegium
2338 1630 2353 1674 :

1398 1709 1592 1807 quod
1633 1736 1765 1808 per
1801 1712 1995 1812 regis
2029 1714 2410 1813 imperium

1397 1826 1726 1925 dejurant
1762 1828 1833 1902 in
1870 1841 2300 1929 perpetuum

1398 1942 1468 2016 in
1506 1954 1798 2039 aspectu
1836 1953 1942 2019 tot
1977 1948 2406 2047 principum.

1507 2056 1622 2130 Sic
1658 2057 2006 2157 disjuncta
2042 2064 2447 2139 communio

1393 2169 1484 2244 ab
1523 2157 1763 2271 iniquo
1803 2176 2145 2275 conjurio,

1393 2285 1560 2359 fecit
1594 2289 1746 2387 regi
1783 2291 2111 2366 Heinrico

1390 2403 1723 2477 fiduciam
1759 2419 2229 2485 sacramento.

1489 2526 1641 2596 Rex
1678 2521 1916 2621 itaque
1948 2525 2072 2598 vix
2109 2526 2439 2603 credulus

1392 2635 1593 2711 factis
1628 2637 2085 2715 fidelitatibus

1389 2776 1526 2850 pro
1564 2752 1793 2851 plebis
1830 2754 2231 2833 levitatibus

1386 2876 1456 2940 et
1493 2869 1792 2968 cognitis
1829 2870 2212 2948 sceleribus
2375 2861 2380 2866 ⁴

1486 2994 1731 3059 monet
1763 2986 1956 3062 cives
1993 2997 2065 3062 et
2101 2989 2355 3065 milites

1387 3108 1465 3172 ut
1498 3100 1562 3172 ei
1599 3099 1868 3175 donent
1903 3102 2189 3180 obsides

1383 3214 1473 3288 de
1513 3215 1648 3288 hoc
1684 3216 1879 3313 quod
1917 3218 2049 3292 sibi
2079 3219 2345 3319 jugiter

1381 3338 1591 3403 erunt
1626 3330 1698 3402 in
1733 3330 1907 3405 fide¹
1947 3334 2257 3411 stabiles.

1478 3449 1582 3518 Ex
1620 3446 1853 3520 edicto
1888 3449 2292 3549 hujusmodi

1378 3560 1894 3656 perturbantur
1929 3567 2278 3657 universi;

1379 3672 1505 3746 sed
1543 3700 1632 3748 ne
1669 3676 2018 3754 obsistant
2053 3681 2277 3755 cesari

1376 3785 1635 3862 dantur
1670 3791 2019 3890 majorum
2057 3796 2206 3869 filii.

1473 3906 1627 3976 Non
1662 3904 1945 3983 inclusit
1979 3935 2112 3984 rex
2148 3911 2448 3988 infantes

1375 4036 1559 4110 quos
1594 4031 1885 4117 ceperat
1919 4023 1990 4098 in
2027 4025 2339 4115 obsides,

1007 4266 1059 4321 1.
1102 4269 1165 4322 in
1193 4269 1314 4338 fide.
1349 4269 1509 4328 Dans
1537 4271 1591 4331 le
1618 4291 1729 4334 ms.
1758 4278 2073 4339 au-dessus
2099 4280 2171 4340 de
2197 4280 2253 4340 la
2281 4282 2456 4358 ligne.
