3558 5493
511 963 663 1039 228

510 1887 656 1962 230

508 2349 641 2426 234

508 2814 656 2889 232

510 3276 654 3351 233

510 3732 656 3811 234

1399 593 1738 647 estonum.

950 730 1174 804 immo
1208 727 1362 828 ejus
1397 729 1713 828 episoopi

951 843 1212 942 privati
1241 849 1317 918 et
1352 841 1722 919 domestici

1050 958 1470 1058 inceperunt
1503 959 1823 1059 recipere

894 1076 899 1082 ’
951 1075 1338 1176 legationes
1373 1079 1686 1151 Manasse
1708 1191 1725 1207 ο

950 1190 1171 1267 oblito
1206 1189 1402 1290 quod
1436 1215 1846 1290 nuperrime

954 1305 1418 1382 decreverant
1451 1304 1842 1382 attendere.

1049 1422 1422 1498 Mandabat
1457 1423 1645 1497 enim
1685 1422 1984 1523 grandia

949 1541 1305 1614 Manasses
1340 1539 1477 1614 illis
1510 1563 1833 1629 munera,

951 1654 1216 1730 scilieet
1248 1655 1659 1753 municipia,

947 1770 1175 1860 villas,
1216 1778 1446 1846 terras
1477 1778 1549 1845 et
1589 1770 1876 1869 predia;

1046 1910 1327 1976 aurum,
1368 1893 1770 1987 argentum,
1812 1885 2145 1976 honores,

949 2025 1070 2077 res
1101 2001 1315 2076 etiam
1350 2002 1800 2101 multiplices,

950 2141 1135 2215 quae
1168 2117 1396 2218 magis
1433 2128 1596 2194 sunt
1634 2117 1976 2197 amabiles

948 2231 1142 2332 apud
1177 2256 1433 2309 avaros
1466 2233 1816 2309 homines.

1047 2352 1192 2424 Hec
1227 2373 1372 2422 non
1407 2348 1697 2424 mandat
1731 2349 2153 2440 minoribus,
2209 2366 2220 2377 ‘

951 2464 1080 2540 sed
1115 2464 1392 2565 magnis
1427 2473 1500 2539 et
1535 2465 1973 2564 potentibus,

950 2588 1024 2653 et
1055 2580 1167 2655 his
1202 2580 1327 2679 qui
1361 2590 1665 2680 possunt
1696 2582 1950 2657 melius

950 2704 1025 2772 et
1057 2694 1231 2772 soris
1263 2705 1337 2772 et
1370 2697 1690 2774 interius.

1048 2811 1329 2887 Mandat
1363 2820 1437 2887 et
1470 2811 1607 2887 illis
1642 2812 1974 2888 omnibus

950 2927 1074 3025 qui
1110 2928 1355 3003 vivere
1389 2926 1480 3002 de
1517 2928 1842 3027 raptibus

950 3052 1024 3118 et
1059 3042 1149 3117 de
1182 3043 1709 3119 venditionibus

949 3159 1219 3233 cunetis
1254 3158 1566 3258 gaudent
1599 3159 2070 3260 temporibus.

1048 3276 1437 3351 Manassem
1472 3275 1649 3350 tales
1685 3275 2006 3365 audiunt,

949 3388 1097 3463 suis
1131 3390 1503 3488 promissis
1540 3400 1861 3467 annuunt

950 3510 1021 3579 et
1050 3502 1200 3603 jam
1236 3503 1372 3578 sibi
1404 3505 1828 3581 assentiunt¹

949 3626 1023 3692 et
1056 3618 1353 3694 obedire
1389 3621 1708 3719 eupiunt.

1049 3734 1226 3809 Hine
1259 3744 1479 3836 agunt
1513 3736 2002 3812 conventicula

950 3858 1164 3948 atque
1198 3850 1682 3941 conciliabula,

952 3974 1261 4065 querunt
1295 3967 1713 4043 execrabilia

946 4082 1370 4159 alterutrum
1401 4085 1716 4159 consilia.

585 4335 636 4392 1.
674 4340 1006 4394 assentiunt.
1041 4337 1204 4397 Dans
1232 4338 1286 4396 le
1317 4356 1427 4397 ms.
1458 4342 1794 4397 assensium.

2569 597 2625 648 ⁴1
