3558 5493
598 967 693 1043 54

599 1435 694 1505 55

602 1897 697 1968 56

609 2358 702 2429 57

611 2820 707 2890 58

618 3283 711 3353 59

620 3742 713 3813 60

1458 603 1738 655 mcum.

985 739 1307 835 sicutque
1344 734 1564 811 David
1602 735 1872 812 Goliam

984 853 1174 952 cepit
1209 851 1500 925 inermis
1534 850 1854 926 militem.

1082 966 1192 1043 Ad
1230 991 1445 1066 quem
1479 975 1774 1041 currunt
1809 967 2154 1044 ruricolae

984 1084 1306 1158 volentes
1340 1083 1737 1157 interficere
1781 1110 1798 1156 :

986 1199 1253 1298 quippe
1290 1222 1472 1295 quos
1507 1196 1627 1272 illo
1662 1204 1987 1298 tempore

988 1338 1372 1412 numquam
1407 1321 1718 1388 cessarat
1751 1312 2018 1389 ledere.

1085 1435 1277 1505 Tunc
1311 1428 1403 1503 de
1437 1437 1672 1504 morte
1709 1429 2132 1528 perterritus

987 1570 1124 1645 pro
1157 1544 1596 1620 circumfiisis
1632 1544 2022 1632 hostibus¹‚

988 1668 1150 1734 orat
1182 1658 1420 1734 ssendo
1456 1667 1537 1734 ut
1571 1657 1778 1734 citius

988 1775 1186 1851 illum
1222 1774 1446 1850 salvet
1482 1775 1888 1874 episcopus.

1088 1890 1331 1967 Presul
1365 1890 1478 1965 his
1518 1898 1758 1966 motus
1796 1891 2102 1966 lacrimis

992 2006 1216 2107 pulsis
1250 2007 1526 2081 laborat
1559 2006 1842 2083 rusticis

993 2122 1184 2221 quod
1223 2123 1335 2197 leo
1368 2122 1591 2197 factus
1624 2121 1910 2197 humilis

994 2245 1319 2313 servatus
1355 2245 1465 2310 est
1499 2235 1900 2312 incolumis.

1091 2357 1193 2428 De
1228 2351 1511 2427 rusticis
1545 2351 1886 2428 liberatus

997 2467 1313 2567 episcopi
1348 2466 1736 2558 laboribus,

996 2581 1120 2656 vix
1156 2581 1416 2657 civium
1452 2581 1545 2657 de
1578 2582 1909 2659 manibus

1000 2695 1224 2772 evasit
1257 2695 1371 2771 ille
1407 2696 1751 2796 perfidus,

1098 2811 1392 2903 Quando
1428 2813 1619 2887 enim
1654 2812 1895 2912 presul
1931 2812 2142 2888 illum'

1000 2927 1396 3004 adducebat
1430 2930 1888 3003 cameracum

1001 3044 1072 3119 in
1109 3042 1456 3142 captionis
1490 3043 1825 3141 laqueum

1004 3184 1094 3236 ne
1128 3157 1476 3257 perdendi
1513 3158 1605 3233 sit
1641 3159 1965 3244 dubium,

1100 3275 1294 3350 cives
1328 3274 1579 3348 armati
1618 3274 1827 3349 citius

1005 3401 1077 3467 et
1110 3388 1373 3464 lanceis
1406 3397 1480 3464 et
1514 3388 1830 3477 ensibus,

1006 3505 1458 3583 contribulati
1493 3505 1733 3605 sepius

1005 3619 1299 3697 Gerardi
1336 3618 1792 3708 facinoribus,

1104 3737 1481 3836 insurgunt
1515 3734 1860 3809 adversus
1897 3758 2060 3809 eum

1008 3860 1372 3949 tamquam
1408 3851 1756 3925 latronem
1793 3848 2208 3947 pessimum,

958 3979 966 3991 '
1010 3967 1393 4042 clamantes
1428 3965 1563 4040 sibi
1598 3965 1936 4040 meritum

1010 4081 1265 4156 mortis
1300 4081 1580 4155 venisse
1615 4079 2027 4155 terminum.

656 4359 699 4413 Ι.
745 4358 1009 4413 hostibus.
1044 4354 1204 4413 Dans
1235 4354 1286 4412 le
1314 4372 1423 4412 me.
1456 4354 1762 4415 aiu-dessus
1790 4355 1861 4411 de
1892 4353 1945 4411 la
1975 4353 2149 4426 ligne.

2572 606 2653 658 181
