3558 5493
1367 589 1705 641 omnum.
2534 594 2597 646 29

921 722 1149 823 sigillo
1180 731 1253 798 et
1287 723 1617 822 epistola¹

913 839 1159 938 presul
1190 839 1558 915 Remensis
1593 839 1923 914 mandata

914 957 1274 1056 complere
1310 957 1546 1034 studet
1580 956 1841 1032 omnia.

474 1077 619 1147 458
1011 1078 1189 1148 Nam
1224 1074 1403 1149 sicut
1436 1099 1571 1173 per
1603 1074 1737 1147 hos
1768 1075 2067 1162 monuit,

913 1212 1066 1261 rem
1104 1187 1421 1264 Galcheri
1455 1188 1755 1262 detinuit

911 1312 986 1378 et
1018 1307 1409 1379 Manassem
1445 1304 1784 1394 cohibuit,

911 1429 994 1496 ut
1030 1445 1337 1519 sequens
1373 1420 1553 1496 ordo
1591 1420 1942 1520 proderit.

475 1538 618 1610 459
1010 1539 1258 1610 Parata
1292 1543 1447 1609 erat
1481 1536 1820 1611 Lauduno

913 1651 1233 1727 Galcheri
1269 1651 1698 1740 benedictio,

910 1791 1075 1843 cum
1112 1793 1153 1840 a
1181 1771 1504 1842 Manasse
1540 1768 1777 1842 emulo

911 1882 1213 1957 infertur
1243 1880 1733 1957 contradictio.

475 2002 619 2072 460
1012 1997 1449 2075 contradixit
1486 1998 1936 2097 presentibus

910 2113 1212 2188 diocesis
1247 2113 1649 2213 presulibus

912 2254 1000 2303 ne
1037 2254 1255 2328 super
1289 2254 1454 2305 eum
1487 2231 1821 2307 Galcerus

909 2345 1281 2420 ordinetur
1314 2346 1717 2445 episcopuS.

476 2462 602 2533 464
1009 2466 1182 2550 Iras,
1222 2461 1408 2550 lites,
1449 2462 1804 2537 contraria

910 2602 1092 2675 quae
1127 2577 1361 2652 intulit
1394 2578 1799 2679 francigena

912 2718 1048 2793 pro
1084 2694 1424 2770 electione
1461 2720 1587 2770 sua

913 2810 1084 2908 quid
1121 2810 1470 2885 enarrabo
1504 2811 1786 2885 omnia?

473 2926 617 3002 ⁴62
1009 2926 1259 3001 Statim
1291 2950 1502 3000 causa
1537 2927 1907 3024 utriusque

910 3038 1206 3115 diffinita
1242 3040 1578 3116 canonice

910 3155 1001 3229 ab
1036 3156 1197 3255 ipso
1232 3156 1710 3254 archipresule

909 3281 981 3347 et
1016 3271 1454 3347 confratrum
1488 3272 1842 3362 examine,

474 3385 616 3458 463
1009 3386 1389 3463 Galcherus
1423 3388 1505 3462 fit
1541 3388 1896 3489 legitimus

903 3500 1112 3601 justis
1147 3502 1676 3578 defensionibus

908 3623 983 3690 et
1009 3620 1363 3693 Manasses
1399 3619 1481 3692 fit
1517 3618 1770 3695 obvius

544 3917 593 3973 4.
635 3917 841 3976 Aucun
867 3926 1032 3978 autre
1060 3920 1374 3979 document
1400 3938 1474 3979 ne
1510 3920 1667 3994 parle
1704 3921 1776 3979 de
1816 3929 1964 3979 cette
2001 3920 2168 3980 lettre
2195 3921 2479 3981 d’Urbain
2505 3922 2585 3980 11.

470 4003 597 4062 Elle
623 4021 698 4063 ne
726 4021 872 4063 nous
900 4013 990 4063 est
1014 4022 1243 4066 connue
1261 4024 1372 4082 que
1399 4024 1504 4082 par
1532 4008 1588 4065 la
1614 4007 1857 4067 relation
1886 4010 2002 4065 tres
2032 4018 2295 4083 suspecte
2322 4010 2394 4066 de
2428 4017 2593 4068 notre

467 4093 860 4169 chroniqueur
886 4111 1194 4170 anonyme.
1227 4096 1403 4155 Nulle
1433 4104 1585 4156 trace
1613 4114 1731 4156 non
1760 4097 1888 4172 plus
1915 4097 2150 4156 ailleurs
2171 4098 2272 4157 des
2294 4099 2491 4158 lettres
2513 4098 2592 4156 du

464 4182 657 4239 meme
685 4198 831 4255 pape
859 4181 1002 4240 dont
1029 4182 1083 4239 le
1110 4182 1339 4241 resume
1367 4191 1456 4241 est
1483 4183 1675 4242 donne
1702 4185 1835 4259 plus
1863 4186 1965 4243 bas
1995 4187 2116 4259 (str.
2143 4186 2376 4245 468-470
2398 4194 2457 4245 et
2483 4193 2584 4243 str.

470 4268 731 4326 171-174.
763 4301 836 4314 —
864 4270 1069 4344 Comp.
1096 4273 1255 4331 aussi
1283 4273 1412 4347 plus
1442 4274 1544 4331 bas
1572 4272 1630 4332 la
1659 4280 1759 4331 str.
1794 4274 1937 4347 210).
