3558 5493
1342 584 1679 638 mmm.
2507 591 2569 643 97

896 716 1024 792 sed
1059 717 1301 792 divisit
1332 743 1466 817 per
1500 719 1857 819 principes

891 834 1418 909 conservandos
1451 834 1782 909 fideliter.

456 948 601 1019 556
636 1022 642 1026 ,
991 949 1200 1024 Redit
1235 974 1438 1024 cesar
1471 948 1607 1024 hoc
1642 958 1933 1049 peraeto

890 1072 963 1138 et
999 1065 1378 1139 Gslcherus
1413 1065 1469 1139 it
1503 1090 1666 1141 oum
1702 1091 1818 1154 ee,

890 1178 1012 1276 qui
1049 1205 1185 1278 pro
1219 1180 1413 1281 regis
1448 1181 1741 1256 servitio

888 1303 1212 1369 moratur
1245 1294 1319 1369 in
1353 1295 1653 1394 palatio¹
1668 1351 1684 1370 .

455 1410 597 1481 557
987 1412 1315 1511 Regressi
1352 1421 1518 1486 sunt
1553 1422 1723 1488 tune
1756 1412 1991 1488 elerici

889 1526 1011 1624 qui
1049 1526 1378 1626 fugerant
1413 1538 1484 1603 et
1513 1527 1669 1602 laici

885 1640 977 1714 ad
1016 1640 1195 1715 hanc
1229 1642 1510 1731 urbem,
1554 1643 1680 1717 sed
1718 1666 1883 1718 cum
1915 1644 2019 1719 eis

885 1755 1167 1853 presul²
1205 1779 1351 1829 non
1383 1765 1621 1855 potest
1655 1756 1960 1856 ingredi.

450 1872 593 1942 558
988 1872 1175 1946 Grex
1211 1872 1401 1945 enim
1435 1880 1629 1946 totus
1665 1871 1925 1946 civium

885 1985 1019 2060 sibi
1057 1996 1269 2086 negat
1302 1985 1669 2061 introitum
1712 2014 1726 2059 ε

885 2099 1048 2174 inde
1084 2100 1281 2174 vadit
1317 2101 1666 2175 luciacum

885 2214 976 2288 ad
1014 2215 1381 2314 antiquum
1417 2215 1871 2314 hospitium3.

558 2455 788 2538 Quod
825 2456 1286 2526 Gelonem
1323 2460 1431 2526 ad
1466 2474 1762 2542 papam
1801 2460 1908 2526 ab
1946 2460 2445 2542 imperatore

861 2596 876 2605 ·
1251 2565 1370 2632 sit
1407 2567 1742 2634 missus.

446 2775 624 2851 559
674 2856 684 2869 ,
913 2853 918 2857 ,
981 2777 1314 2877 Ejusdem
1350 2780 1514 2853 anni
1551 2781 1913 2878 tempore⁴

883 2916 1013 2966 rex
1048 2891 1240 2968 idem
1275 2893 1723 2970 Alemanniae
1964 2987 1977 2996 ‚

773 3015 778 3020 '
884 3009 1017 3082 sub
1053 3033 1348 3109 magnae
1380 3010 1575 3107 pacis
1611 3009 1850 3107 speeie

882 3123 1200 3197 decrevit
1233 3130 1531 3200 Romam
1567 3112 1897 3223 pergere.

448 3239 589 3311 560
984 3243 1212 3329 Quare
1247 3240 1572 3336 premisit
1607 3240 1891 3314 nuntios

881 3355 1076 3430 viros
1109 3355 1528 3455 prudentes,
1570 3356 1907 3453 optimos,

517 3620 568 3676 1.
609 3619 700 3678 On
728 3619 849 3678 voit
876 3637 988 3695 que
1016 3621 1284 3680 Graucher
1311 3639 1386 3681 ne
1413 3639 1475 3681 se
1506 3623 1726 3698 croyait
1762 3638 1865 3695 pas
1902 3638 1976 3680 en
2013 3620 2203 3679 sni-ete
2232 3620 2266 3676 ὲ
2295 3620 2556 3678 cambrai

441 3708 544 3766 des
573 3708 713 3784 qu‘il
739 3709 837 3785 n’y
863 3710 1021 3769 avait
1043 3728 1167 3786 pas,
1198 3728 1343 3786 pour
1367 3712 1424 3771 le
1445 3712 1728 3787 proteget,
1750 3712 1834 3770 les
1855 3720 2084 3786 troupes
2102 3710 2174 3767 de
2196 3709 2555 3784 Pompei-eur.

513 3799 569 3857 2.
611 3798 897 3875 L’eveque
924 3800 1109 3859 Odon.

514 3887 568 3945 3.
609 3887 810 3961 Comp.
839 3888 970 3963 plus
997 3890 1144 3954 haut
1171 3897 1273 3949 str.
1305 3889 1430 3948 495.

512 3976 566 4031 4.
608 3975 788 4050 C’est„
829 3994 906 4036 en
946 3977 1107 4048 aflet,
1149 3994 1224 4036 en
1270 3979 1407 4036 1¹09
1450 3994 1562 4053 que
1589 3978 1772 4036 Hem-i
1807 3978 1857 4032 V
1886 3994 2110 4053 onvoya
2146 3977 2180 4033 ὲ
2217 3976 2404 4036 Rome
2440 3993 2556 4034 une

439 4063 778 4124 ambassade
812 4067 1053 4141 elim-geo
1087 4066 1159 4126 de
1197 4067 1405 4126 sonder
1440 4066 1526 4125 les
1563 4067 1933 4142 dispositione
1969 4065 2047 4123 du
2087 4081 2232 4140 pape
2271 4065 2470 4124 Pascal
2498 4065 2557 4121 II

440 4147 669 4231 (Amal.
701 4149 1080 4222 Hiltle'sheim„
1115 4174 1168 4231 p.
1207 4157 1354 4217 112).
1397 4156 1558 4214 Dans
1586 4156 1642 4215 la
1668 4155 1920 4214 Version
1950 4156 2227 4226 freneaise
2253 4171 2328 4213 on
2357 4162 2556 4211 trouve

444 4245 715 4316 mai-quoe
742 4243 965 4302 l’annee
993 4245 1128 4303 1¹04
1163 4247 1236 4320 (p.
1272 4246 1399 4320 519,
1431 4263 1491 4303 n.
1515 4245 1582 4303 27
1609 4248 1799 4317 extr.).
1834 4245 1987 4303 G’est
2013 4261 2128 4302 une
2156 4260 2351 4302 errem·
2376 4243 2558 4299 mani·

445 4330 605 4387 feste.

2275 4422 2302 4474 7
