3558 5493
927 585 990 637 76
1889 593 2091 644 GESTA

930 716 1072 792 440
1464 725 1674 799 Jubet
1707 725 1998 800 tandem
2034 728 2498 826 presbiteros,

1365 838 1641 927 levitaS‚
1686 840 2160 918 subdiaconos

1367 955 1489 1051 qui
1525 956 1895 1031 decertant
1930 958 2063 1033 sub
2103 961 2470 1053 Galcher0‚

1364 1094 1642 1146 cessare
1679 1072 1771 1146 ab
1809 1074 2069 1149 officio·

926 1179 1054 1254 441
1462 1187 1917 1285 Archipresul
1954 1192 2199 1266 Remis
2235 1194 2424 1268 redit

1362 1310 1433 1375 et
1469 1302 1583 1376 hic
1617 1314 1987 1379 remanent
2024 1306 2258 1382 clerici

1361 1441 1498 1513 pro
1535 1418 1795 1516 quibus
1830 1418 2093 1496 habent
2127 1422 2283 1498 laici

1361 1532 1721 1608 infamiam
1755 1535 2093 1635 perjurii.-

964 1774 1090 1841 De
1130 1776 1449 1844 malitia.
1486 1778 1789 1847 civium
1831 1780 1916 1846 in
1954 1780 2453 1853 Galcherum
2489 1788 2992 1870 perpetrata.

922 1989 1066 2069 442
1458 1999 1609 2069 Stat
1647 1998 2030 2075 Galcherus
2064 2001 2332 2077 interea

1358 2111 1428 2183 in
1468 2112 1737 2210 oppido
1774 2115 1970 2213 quod
2007 2116 2271 2193 fecerat

1358 2226 1471 2301 cui
1507 2233 1795 2303 Estrum
1829 2232 2208 2329 antiquitas

1358 2343 1783 2418 vocabulum
1820 2356 2185 2443 posuerat.

922 2453 1065 2529 443
1459 2459 1614 2533 Fuit
1650 2485 1785 2557 per
1819 2469 2107 2561 tempus
2142 2464 2534 2562 plurimum

1358 2573 1458 2648 ibi
1497 2599 1706 2649 suum
1741 2577 2095 2678 refugium

1360 2690 1507 2780 ubi,
1552 2691 1724 2768 dum
1761 2692 1951 2783 licet,
1995 2695 2272 2796 regium

1359 2809 1670 2906 suscepit
1704 2809 2156 2886 beneficium.

920 2919 1066 2994 444
1453 2924 1641 3001 Vixit
1680 2924 1775 2999 ibi
1815 2926 1989 3002 dum
2028 2927 2217 3003 licuit

1358 3064 1489 3115 nec
1519 3042 1702 3142 juvit
1738 3067 1872 3117 nos
1909 3068 2040 3117 nec
2077 3046 2316 3120 nocuit
2361 3074 2376 3119 :

1356 3156 1470 3230 cui
1505 3166 1763 3256 parent
1797 3166 1879 3231 ut
1912 3159 2181 3257 presuli

1355 3281 1502 3346 tam
1540 3273 1800 3349 milites
1838 3299 2057 3373 quam
2092 3278 2363 3352 rustici.

921 3381 1064 3456 445
1456 3388 1896 3486 Aspicientes
1934 3390 2193 3466 iterum

1359 3512 1685 3578 catervae
1719 3505 2111 3582 infidelium

1360 3618 1554 3714 quod
1590 3618 1678 3692 ad
1719 3619 1871 3719 ejus
1908 3621 2287 3719 imperium

1360 3733 1701 3832 pergebat
1739 3734 1921 3809 ordo
1956 3736 2259 3810 militum

922 3843 1065 3918 446
1427 3856 1528 3923 ‚et
1564 3850 1759 3946 quod
1795 3851 1859 3923 ei
1897 3876 2030 3948 per
2067 3853 2300 3926 omnia

1358 3963 1813 4062 impendebat
1849 3968 2137 4042 servitia

1360 4081 1714 4177 pontificis
1748 4081 2009 4157 familia

1359 4203 1572 4294 atque
1607 4197 1841 4271 omnis
1878 4197 2208 4288 ruricola,

924 4305 1068 4380 447
1463 4312 1951 4413 cogitaverunt
1987 4314 2224 4390 denuo
