3558 5493
1399 536 1793 591 summum.
1826 540 1862 589 l.
2600 541 2681 592 121

572 675 717 752 suis
762 674 1085 750 fidelibus
1132 674 1224 751 de
1272 672 1672 749 castellania
1720 672 2092 749 eonsilium
2136 675 2450 773 postulat
2498 675 2689 750 idem

572 791 972 889 episeopus.
1022 789 1222 867 Unde
1259 798 1546 888 aeeepta
1581 789 1846 864 virtute
1884 790 2180 877 eonsilii,
2224 791 2460 865 statim
2494 816 2689 865 oom-

569 906 797 981 movit
830 906 1284 981 castellanum
1316 912 1686 1007 Hugonem
1723 905 1815 981 de
1851 906 1967 980 illo
2005 905 2479 981 castellaniam
2514 908 2690 982 reci-

568 1046 740 1121 pere
775 1029 848 1095 et
881 1028 1161 1111 tenere,
1216 1020 1399 1096 sieut
1444 1020 1615 1095 olim
1659 1021 1851 1096 illam
1896 1029 2271 1095 tenuerant
2315 1021 2691 1119 predeces-

570 1162 770 1213 sores
834 1137 1032 1238 ejus¹
1096 1137 1188 1212 de
1246 1138 1729 1213 Cameracensi
1789 1138 2150 1236 pontifiee.
2221 1137 2424 1228 Quod
2494 1138 2690 1214 illum

569 1254 860 1354 quidem
890 1253 1121 1329 faeere
1151 1261 1598 1328 recusantem
1622 1252 1974 1353 percussit
2003 1253 2382 1352 episeopus
2406 1255 2692 1329 anathe-

568 1371 777 1446 matis
827 1369 1061 1471 gladio
1078 1427 1096 1459 ‚
1152 1377 1378 1443 totam
1426 1378 1694 1443 terram
1742 1393 1947 1444 suam
2000 1367 2241 1442 divino
2292 1370 2690 1468 precipiens

569 1511 812 1561 carere
858 1485 1119 1560 officio.
1175 1486 1350 1560 Hinc
1395 1484 1814 1560 castellanus
1856 1484 2147 1559 nimiam
2193 1510 2572 1560 succensus
2618 1488 2691 1562 in

569 1602 749 1676 iram
783 1608 859 1675 et
893 1602 964 1675 in
1001 1601 1302 1676 mortale
1337 1609 1738 1676 eommotus
1777 1599 2024 1675 odium
2067 1599 2413 1676 adversus
2456 1604 2692 1700 ponti—

567 1720 801 1806 ficem,
834 1718 907 1791 in
936 1716 1100 1792 villa
1129 1716 1220 1821 de
1252 1716 1694 1794 Creveeuerh
1737 1716 2051 1791 firmavit
2086 1715 2408 1815 opidum,
2446 1721 2691 1794 Game-

566 1834 711 1907 raei
757 1832 1169 1931 proximum
1184 1890 1203 1921 ‚
1262 1831 1454 1931 quod
1506 1832 1658 1907 fore
1709 1830 2121 1906 intendebat
2168 1831 2359 1907 intus
2406 1833 2570 1908 urbi
2620 1844 2694 1909 et

563 1958 798 2024 terrae
857 1947 1033 2023 foris
1098 1947 1189 2022 ad
1251 1947 1690 2022 intolerabile
1705 1949 1733 1994 ²
1799 1947 2331 2023 detrimentum.
2405 1953 2485 2023 In
2546 1975 2692 2048 quo

566 2065 902 2140 velociter
937 2065 1300 2164 ingressus
1327 2087 1492 2139 oum
1516 2063 1860 2139 militibus
1888 2071 1960 2137 et
1987 2064 2460 2139 servientibus
2484 2065 2685 2153 sibi³‚

565 2181 766 2256 villas
801 2180 1338 2279 circumpositas
1372 2179 1847 2279 depopulatus
1891 2185 2004 2253 est
2047 2179 2292 2278 predis
2334 2189 2409 2255 et
2453 2181 2692 2256 ineen-

564 2297 725 2385 diis,
768 2296 994 2394 eaptis
1027 2304 1383 2371 terrarum
1420 2294 1813 2370 cultoribus
1849 2304 1972 2371 aut
2015 2292 2428 2371 interfectis.
2478 2296 2693 2372 Sedet

563 2415 633 2487 in
685 2412 959 2487 insidiis
1005 2436 1138 2511 per
1187 2412 1501 2513 singulos
1545 2411 1699 2487 dies
1751 2420 1833 2486 ut
1885 2413 2116 2510 rapiat
2165 2437 2555 2512 pauperes,
2614 2423 2691 2488 ut

563 2528 1426 2604 interficiatinnoeentes&
1445 2530 1847 2603 Conversus
1859 2527 1952 2602 ad
1966 2528 2400 2627 superbiam,
2418 2554 2691 2628 pronus

563 2645 655 2720 ad
683 2644 1023 2719 malitiam
1043 2644 1099 2732 ⁵,
1143 2644 1369 2719 faetus
1405 2652 1518 2718 est
1551 2642 1933 2718 continuus
1969 2644 2335 2719 insidiator
2371 2645 2689 2719 omnium

562 2759 835 2835 venalia
861 2760 1217 2835 Cameraoi
1246 2760 1436 2834 ferre
1457 2759 1875 2833 volentium.
1905 2764 2206 2836 Prorsus
2224 2761 2417 2836 enim
2443 2763 2689 2837 Came-

562 2875 972 2951 racensibus
1009 2874 1461 2950 desiderabat
1491 2873 1769 2949 auferre
1806 2874 2118 2950 triticum
2134 2934 2152 2966 ‚
2196 2878 2297 2951 sal
2335 2885 2409 2952 et
2444 2877 2689 2951 vinum

561 3000 637 3067 et
680 2994 953 3068 fructus
997 2988 1374 3078 arborum,
1429 2989 1662 3088 pisoes
1705 2990 1927 3064 maris
1968 2999 2040 3064 et
2084 2991 2273 3091 ligna
2317 2993 2679 3068 silvarum.

561 3113 749 3182 Haeo
781 3105 1135 3206 siquidem
1169 3104 1354 3179 mala
1390 3103 1726 3203 quamdiu
1765 3105 2026 3203 potuit,
2064 3106 2332 3183 tamdiu
2368 3108 2687 3208 irrogare

562 3247 1012 3322 nequaquam
1033 3220 1362 3297 cessavit.
1387 3219 1525 3296 Sed
1542 3221 1776 3296 omnis
1789 3222 2173 3321 posteritas
2192 3223 2264 3297 in
2278 3224 2687 3323 exemplum

560 3346 798 3415 teneat
832 3347 906 3414 et
941 3339 1014 3412 in
1049 3344 1468 3438 perpetuam
1492 3337 1749 3413 habeat
1781 3338 2205 3414 memoriam
2240 3364 2455 3440 quam
2478 3365 2686 3439 aper-

558 3465 707 3530 tam
760 3455 851 3530 de
908 3455 1040 3530 hae
1096 3454 1359 3529 malitia
1410 3459 1596 3530 Deus
1643 3455 2029 3532 ultionum⁶
2084 3456 2249 3530 feeit
2294 3455 2677 3556 justiciam,

560 3571 683 3671 qui
719 3572 1043 3646 retribuit
1079 3569 1522 3646 abundanter
1557 3570 1976 3648 facientibus
2014 3571 2490 3671 superbiam⁷.

633 3821 684 3876 1.
731 3822 812 3877 Vel
842 3823 951 3876 sui.
985 3820 1137 3878 Note
1167 3817 1582 3878 interlineaire.

630 3908 684 3966 2.
727 3909 1090 3965 intolerabile.
1123 3906 1174 3964 ΙΙ
1202 3927 1242 3984 y
1270 3907 1427 3966 avait
1450 3906 1682 3965 d'abord
1710 3906 1857 3966 dans
1888 3908 1940 3966 le
1967 3925 2079 3967 ms.
2111 3910 2489 3967 incolat-abile.

630 3997 683 4055 3.
723 3998 852 4053 sibi.
887 3995 1045 4054 Dans
1072 3997 1128 4054 le
1154 4012 1265 4054 ms.
1297 4013 1376 4055 on
1403 4014 1439 4055 a
1465 3995 1655 4071 ajoute
1683 3995 1985 4056 aiu-demus
2015 3996 2085 4055 de
2115 3997 2173 4056 la
2199 3997 2355 4072 ligne
2386 4015 2400 4054 ε
2432 4000 2513 4053 vel
2540 4001 2674 4051 suis.

632 4087 684 4143 4.
728 4085 926 4159 Comp.
958 4089 1046 4141 Ps.
1078 4083 1189 4158 IX,
1221 4085 1276 4158 8,
1308 4086 1364 4144 9.

633 4174 684 4230 5.
725 4171 925 4246 Comp.
957 4173 1074 4230 Iob.
1111 4171 1220 4246 XI,
1252 4173 1340 4231 12.
1371 4175 1543 4231 Εωοά.
1577 4171 1846 4246 XXXII,
1880 4172 1968 4232 22.

631 4263 684 4322 6.
725 4261 924 4335 Comp.
959 4265 1045 4319 Ps.
1079 4261 1297 4334 XCIII,
1328 4264 1380 4320 l.

633 4352 686 4408 7.
729 4351 927 4425 Comp.
964 4354 1047 4409 Ps.
1080 4350 1283 4424 XXX,
1313 4351 1403 4409 24.
