3558 5493
1397 609 1767 659 mmmm.
2553 611 2636 663 171

908 750 1053 820 Hec
1085 744 1302 820 missa
1337 744 1643 844 presulis
1679 743 1808 819 fuit
1845 744 2230 820 novissima

810 885 1027 960 quam
1062 861 1133 935 in
1170 861 1523 936 Cameraci
1563 868 1801 935 cantat
1836 860 2171 936 aecclesia
2212 888 2228 934 ε

908 978 1073 1076 quia
1109 975 1488 1051 transierat
1516 977 1663 1076 jam
1695 976 2112 1075 Epiphania,

522 1098 663 1169 335
811 1119 954 1192 qua
986 1093 1209 1191 linqui
1245 1101 1546 1168 voverat
1579 1091 2034 1191 pontificalia.

908 1213 969 1284 A
1003 1209 1244 1284 Remis
1277 1208 1440 1283 ideo
1477 1209 1749 1283 litterae
1785 1207 2082 1282 veniunt
2123 1233 2140 1281 z

812 1325 1245 1401 inobedienti
1285 1350 1461 1399 vero
1497 1325 1904 1425 precipiunt

910 1449 990 1517 ut
1025 1467 1068 1516 a
1101 1444 1482 1517 Cameraco
1519 1442 1723 1516 citius
1758 1449 1967 1515 exeat

813 1581 946 1632 nec
980 1557 1078 1632 ibi
1114 1558 1415 1655 amplius
1450 1558 1724 1631 morari
1758 1555 2041 1632 audeat.
2151 1585 2166 1596 “

521 1670 664 1748 340
912 1673 1258 1748 Confusus
1289 1673 1506 1774 igitur
1539 1673 1762 1747 exivit
1799 1672 2028 1759 ilico¹‚

812 1789 1075 1888 ubique
1112 1814 1558 1887 conquerens
1595 1788 1749 1864 sine
1775 1788 2046 1888 judicio

912 1930 989 1980 se
1024 1905 1441 2004 exposuisse
1477 1905 1568 1978 de
1606 1903 1973 2003 episcopio

815 2020 905 2094 ab
939 2030 1349 2096 accusatore
1386 2046 1530 2095 non
1565 2021 1835 2094 victum
1872 2020 2134 2119 aliquo.

911 2142 1105 2212 Tunc
1137 2137 1583 2212 Innocentius
1619 2162 1809 2236 papa
1843 2142 2327 2212 Romanorum

527 2251 669 2328 345
819 2253 1203 2329 celebravit
1239 2254 1416 2330 Pisis
1454 2278 1792 2353 magnum
1826 2253 2226 2344 concilium,

917 2397 1061 2469 quo
1097 2371 1228 2446 fuit
1261 2370 1630 2445 Remensis
1665 2369 2242 2469 archiepiscopus

817 2511 980 2560 cum
1019 2487 1482 2587 suffraganeis
1516 2487 1662 2562 suis
1697 2486 2101 2586 presulibus
2137 2513 2153 2560 ε

914 2601 1157 2701 ibique
1190 2601 1503 2677 ostendit
1538 2602 1811 2677 eisdem
1844 2601 2146 2676 testibus

816 2719 1180 2819 quomodo
1216 2717 1631 2796 Liethardus
1668 2726 1823 2792 erat
1858 2717 2252 2816 depositus.

528 2841 668 2913 350
916 2835 1442 2933 Depositionem
1481 2835 1717 2931 itaque
1756 2833 2115 2931 cognitam

818 2950 1217 3024 constituit²
1255 2974 1441 3047 papa
1476 2973 1634 3023 esse
1668 2949 2161 3048 perpetuam³‚

598 3145 650 3202 1.
689 3144 963 3202 Lambert
990 3144 1062 3202 de
1092 3143 1389 3202 Watrelos
1418 3151 1682 3218 rapporte
1705 3144 1758 3200 le
1789 3143 1987 3217 depart
2015 3143 2087 3201 de
2113 3141 2346 3200 Lietard
2374 3142 2406 3199 a
2427 3140 2654 3199 l‘annee

528 3233 665 3291 1135
693 3250 764 3292 en
797 3252 892 3292 ces
922 3244 1136 3292 termes
1168 3253 1182 3290 τ
1216 3236 1465 3291 Domnus
1493 3233 1760 3290 [Δανάας
1790 3237 2066 3305 episcopus
2093 3250 2129 3290 α
2158 3234 2431 3290 Ruinaldo
2459 3233 2652 3288 archi-

524 3325 764 3393 episcopo
793 3328 870 3378 est
906 3339 1221 3394 suspensus.
1268 3325 1391 3379 Post
1428 3324 1790 3393 epiphaniam
1832 3324 1974 3379 abiit
1983 3343 2001 3390 ,·
2049 3337 2403 3392 nequaquam
2442 3321 2518 3375 ad
2555 3335 2653 3375 nos

519 3417 705 3483 postea
732 3414 901 3468 rediit
931 3411 1179 3485 (Lamb.‚
1207 3429 1264 3486 p.
1287 3413 1432 3485 514).
1478 3410 1814 3486 Cependant
1854 3428 1920 3470 ce
1957 3418 2113 3470 texte
2143 3427 2217 3468 ne
2243 3425 2393 3468 nous
2430 3408 2516 3466 dit
2549 3425 2654 3482 pas

525 3498 866 3559 clairement
904 3502 951 3557 si
982 3518 1047 3560 ce
1075 3501 1163 3559 fut
1190 3518 1265 3559 en
1302 3501 1441 3560 1135
1474 3518 1548 3560 ou
1586 3519 1660 3559 en
1699 3502 1837 3559 1136
1866 3519 1982 3575 que
2013 3500 2242 3560 Lietard
2280 3498 2554 3572 s'eloigna
2581 3498 2654 3556 de

526 3588 819 3661 Gambrai3
864 3591 1013 3647 mais
1051 3608 1116 3649 ce
1156 3592 1257 3668 qui
1295 3599 1386 3649 est
1420 3590 1505 3647 dit
1539 3608 1644 3665 par
1680 3599 1846 3649 notre
1883 3608 2172 3665 anonyme
2208 3589 2485 3665 quelques
2523 3605 2654 3646 vers

527 3679 656 3754 plus
677 3679 779 3738 bas
799 3678 869 3737 de
892 3680 946 3737 la
964 3680 1366 3740 confirmation
1387 3679 1457 3739 de
1484 3680 1536 3737 la
1557 3688 1830 3738 sentence
1849 3680 1922 3738 de
1941 3681 2337 3754 l'archeveque
2358 3679 2430 3737 de
2450 3678 2654 3736 Reims

526 3785 629 3842 par
656 3768 710 3826 le
738 3769 958 3827 concile
986 3769 1057 3827 de
1077 3770 1213 3828 Pise
1243 3770 1368 3828 leve
1397 3777 1555 3827 toute
1586 3769 1937 3826 hesitation:
1972 3786 2068 3827 car
2096 3769 2149 3827 le
2177 3768 2399 3827 concile
2427 3765 2497 3825 de
2518 3765 2654 3823 Pise

526 3856 765 3916 s'ouvrit
792 3858 846 3915 le
877 3858 946 3915 30
976 3859 1093 3916 mai
1126 3860 1263 3917 1135
1297 3857 1531 3931 (Annal.
1564 3860 1725 3929 Sax.‚
1755 3875 1813 3931 p.
1847 3859 1972 3915 770.
2012 3889 2084 3901 —
2120 3859 2259 3916 (ἔσει.
2293 3860 2479 3914 abbat.
2515 3858 2655 3912 Tru-

523 3949 773 4015 donem„
807 3947 976 4018 xm,
1009 3948 1068 4015 1;
1102 3950 1251 4005 Mon.
1283 3950 1488 4015 Germ„
1524 3949 1623 4006 SS.
1652 3956 1695 4004 t.
1728 3948 1811 4017 X,
1844 3965 1900 4021 p.
1934 3949 2058 4006 312.
2090 3980 2163 3991 —
2192 3947 2528 4020 Marangoni
2557 3961 2651 4018 ap.

525 4035 877 4109 Watterich,
912 4039 1012 4094 Vit.
1038 4039 1140 4094 BR.
1165 4041 1291 4107 PP.,
1328 4048 1369 4095 t.
1400 4037 1480 4110 Π,
1514 4054 1570 4110 p.
1602 4038 1750 4107 215).
1782 4037 1934 4095 C'est
1961 4037 2111 4096 donc
2139 4037 2273 4095 bien
2301 4038 2336 4094 a
2363 4036 2421 4094 la
2450 4036 2563 4093 feta
2582 4035 2653 4092 de

526 4113 888 4201 l’Epiphanie
916 4124 988 4183 de
1016 4133 1164 4184 cette
1193 4130 1385 4185 meme
1406 4130 1591 4184 annee
1616 4127 1753 4184 1135
1772 4125 1913 4201 qu’il
1943 4127 2065 4185 faut
2091 4143 2359 4202 mat-quer
2387 4125 2441 4183 le
2469 4135 2654 4183 terme

527 4215 599 4274 de
628 4213 959 4287 l'episcopat
984 4213 1056 4271 de
1084 4214 1337 4272 Lietard.

597 4305 654 4361 2.
692 4308 998 4361 constituit.
1030 4302 1081 4360 Il
1109 4322 1145 4377 y
1174 4305 1329 4362 avait
1358 4303 1586 4363 d'abord
1616 4303 1760 4361 dans
1792 4304 1846 4361 le
1873 4322 1983 4363 me.
2016 4309 2301 4363 constitui.

601 4390 653 4448 3.
695 4391 964 4448 L’auteur
991 4389 1162 4450 d’une
1189 4391 1507 4467 chronique
1535 4392 1606 4449 de
1633 4392 1902 4450 Cambrai
1920 4436 1935 4465 ‚
1976 4392 2154 4451 ecrite
2180 4408 2257 4450 au
2287 4407 2656 4452 commence-
