3558 5493
978 596 1039 646 88
1938 586 2142 637 Gsssu

981 724 1124 800 504
1414 784 1422 793 .
1516 720 1824 797 Obertus
1859 717 2056 793 illum
2091 718 2367 816 recipit,

1418 841 1800 910 veneratur
1833 857 1917 907 ac
1953 833 2182 933 diligit

1418 952 1694 1048 sibique
1727 948 1957 1026 donec
1992 949 2214 1024 voluit

1417 1075 1648 1143 totum
1684 1090 1972 1141 necesse
2008 1063 2283 1140 tribuit.

980 1189 1122 1258 505
1515 1186 1665 1257 Hoc
1700 1179 1957 1255 accidit
1992 1180 2261 1254 interea

1414 1297 1610 1396 quod
1646 1321 1775 1370 rex
1814 1303 2057 1371 noster
2091 1301 2538 1369 concesserat

1419 1420 1497 1487 ut
1529 1411 1882 1487 Robertus
1920 1411 2009 1486 de
2045 1409 2370 1485 Flandria

1415 1530 1597 1605 hanc
1628 1528 1885 1602 urbem
1920 1526 2011 1601 de
2044 1551 2122 1601 se
2157 1534 2419 1601 teneat.

983 1651 1124 1722 506
1520 1648 1744 1735 Quam
1778 1642 2101 1741 possedit
2135 1651 2209 1715 et
2244 1641 2491 1717 habuit

1418 1761 1645 1836 donec
1682 1759 2072 1857 imperator
2109 1757 2289 1831 vixit

1401 1883 1788 1972 ‘totumque
1825 1874 2021 1973 quod
2059 1882 2170 1947 est
2206 1873 2382 1974 regii

1416 1991 1728 2090 suscepit
1765 1989 2145 2066 beneficii¹.

981 2114 1148 2184 507.
1198 2097 1206 2121 ⁶
1514 2107 1669 2182 Odo
1705 2131 1880 2179 vero
1917 2105 2295 2204 episcopus

1416 2223 1506 2298 de
1542 2247 1686 2322 quo
1723 2221 1973 2321 scripsi
2016 2221 2345 2319 superius

1417 2363 1550 2437 per
1583 2362 1748 2413 eum
1787 2336 2258 2412 introducitur

1417 2452 1773 2553 pontificis
1809 2452 1881 2526 in
1918 2451 2317 2527 domibus2.

1053 2731 1101 2788 1.
1145 2729 1346 2805 Comp.
1378 2731 1782 2798 Introduction,
1819 2745 1985 2787 num.
2017 2727 2087 2786 32
2116 2735 2260 2785 extr.

1048 2820 1101 2878 2.
1146 2820 1212 2877 Si
1242 2818 1356 2876 l'on
1386 2819 1508 2875 s'en
1535 2818 1687 2876 tient
1711 2819 1747 2875 a
1775 2818 1835 2876 la
1860 2818 2009 2875 suite
2036 2816 2113 2873 du
2144 2816 2287 2873 recit
2311 2814 2383 2872 de
2412 2822 2574 2873 notre
2597 2829 2907 2886 anonyme,
2931 2813 3096 2872 Odon

980 2909 1040 2966 fit
1062 2924 1166 2967 son
1189 2907 1385 2965 ontree
1402 2907 1437 2965 a
1454 2907 1719 2964 Cambrai
1740 2906 1818 2964 du
1843 2907 2038 2964 vivant
2065 2905 2137 2963 de
2166 2904 2501 2978 l’empereur
2520 2902 2704 2961 Henri
2724 2903 2831 2962 IV.
2861 2903 3098 2976 D’aprcs

977 2999 1236 3056 Herman
1262 2996 1334 3053 de
1363 2995 1635 3066 Tournai,
1670 2996 1711 3052 il
1741 2996 1840 3070 n'y
1871 2995 1995 3053 vint
2021 2995 2286 3069 qu’apres
2315 2994 2372 3052 la
2399 3001 2552 3052 mort
2579 2992 2650 3051 de
2678 2999 2771 3051 cet
2797 3008 3098 3066 emper-eur

977 3095 1036 3146 et
1074 3103 1175 3144 sur
1214 3084 1420 3143 l’ordre
1463 3084 1535 3142 de
1577 3084 1762 3142 Henri
1806 3085 1880 3141 V.
1933 3087 2149 3142 Mortuo
2197 3100 2324 3154 erqo
2369 3089 2532 3154 patre
2584 3084 2814 3139 chrici
2860 3083 3097 3139 Heni-ico

974 3180 1203 3243 seniore,
1237 3173 1410 3246 dit-il,
1439 3191 1553 3230 non
1580 3176 1805 3246 quidem
1830 3177 2028 3240 armis,
2052 3174 2144 3229 sed
2163 3176 2401 3229 tristitia
2430 3174 2628 3238 cordis,
2652 3174 2808 3241 filius
2835 3175 2954 3242 ojus
2975 3175 3098 3243 jam

975 3271 1156 3338 optato
1211 3280 1377 3334 rayno
1424 3267 1664 3334 potitus,
1724 3264 2017 3319 mandavit
2071 3261 2558 3319 Cameracensibus
2615 3267 2681 3317 ut
2725 3260 3097 3318 Gualchorum

976 3355 1514 3413 excommunicatum
1552 3352 1623 3407 ab
1665 3352 1801 3407 urbe
1840 3354 2135 3422 pellerent,
2182 3353 2452 3407 domnum
2495 3350 2733 3407 odonem
2772 3351 3094 3420 reciperent.

983 3439 1235 3509 Tuncque
1255 3444 1512 3512 primum
1541 3441 1778 3495 domnus
1811 3439 1920 3496 Odo
1948 3440 2142 3495 urbem
2171 3441 2313 3495 sedis
2339 3455 2471 3495 suae
2494 3440 2721 3510 pacifice
2747 3439 3091 3508 inqu-odiens,

971 3532 1246 3599 praecepit
1283 3530 1438 3585 nobis
1479 3534 1543 3584 ut
1581 3530 1834 3585 abbatem
1875 3532 2200 3599 eligeremus
2237 3531 2510 3600 (Restaur.
2550 3529 2674 3584 abb.
2720 3527 2779 3584 S.
2824 3525 3090 3591 Martini,

977 3630 1037 3671 n.
1082 3615 1146 3671 84
1191 3614 1343 3688 init„
1386 3633 1444 3690 p.
1488 3617 1635 3687 914).
1683 3617 1929 3675 Suivant
1969 3632 2035 3674 ca
2078 3616 2466 3689 temoignage‚
2519 3614 2755 3673 l’entree
2795 3613 3020 3673 d'Odon
3061 3614 3096 3669 a

975 3702 1238 3761 Cambrai
1265 3704 1452 3763 aurait
1478 3721 1551 3763 cu
1581 3705 1696 3763 lieu
1726 3721 1802 3762 en
1834 3705 1991 3763 1106.
2032 3736 2105 3747 -
2143 3704 2416 3762 Lambert
2450 3702 2521 3762 de
2551 3703 2847 3761 Watrelos
2875 3718 2952 3760 nc
2978 3708 3097 3758 mot

975 3798 1125 3849 cette
1152 3791 1350 3850 enti-ee
1377 3792 1551 3867 qu'en
1581 3793 1740 3864 1107,
1773 3794 1940 3867 apres
1969 3791 2339 3866 l'expedition
2366 3793 2438 3851 de
2464 3793 2806 3866 l’empereur
2829 3790 3013 3848 Henri
3044 3789 3095 3844 V

975 3888 1171 3937 contre
1219 3880 1275 3938 le
1320 3889 1509 3940 comte
1556 3882 1630 3939 de
1676 3880 1925 3939 Flandre
1969 3889 2028 3940 et
2072 3897 2137 3939 sa
2183 3879 2615 3940 reconciliation
2662 3896 2803 3938 avec
2846 3878 3097 3937 celui-ci

974 3975 1054 4041 (p.
1087 3967 1232 4036 511).
1265 3968 1426 4026 Getta
1455 3970 1685 4027 version
1710 3976 1801 4027 est
1827 3985 1902 4026 en
1931 3969 2352 4028 contradiction
2373 3976 2500 4043 trop
2520 3969 2796 4041 flagrante
2813 3983 2952 4025 avoc
2972 3973 3099 4024 tout

975 4070 1041 4112 ce
1067 4071 1178 4129 que
1205 4065 1370 4115 notre
1399 4074 1688 4132 anonyme
1716 4065 1951 4116 raconte
1978 4058 2108 4131 plus
2135 4058 2236 4116 bas
2266 4065 2390 4124 (str.
2423 4058 2680 4122 530·558)
2709 4056 2987 4114 touchant
3014 4056 3097 4112 les

975 4142 1107 4200 faits
1135 4152 1195 4201 et
1219 4152 1410 4217 gestes
1429 4145 1501 4203 de
1518 4146 1701 4202 Henri
1721 4146 1776 4201 V
1798 4147 1833 4202 a
1851 4145 2135 4215 Gambrai,
2159 4146 2301 4204 dont
2327 4144 2370 4201 il
2398 4145 2487 4202 fut
2512 4162 2647 4202 sans
2676 4143 2850 4203 doute
2878 4142 3097 4202 temoin

973 4231 1244 4306 oculaire,
1273 4249 1419 4308 pour
1443 4232 1615 4309 qu'on
1644 4235 1841 4309 puisse
1870 4235 1956 4310 s'y
1984 4238 2200 4293 arreter
2225 4251 2309 4292 un
2338 4234 2580 4292 instant.
2601 4264 2674 4277 —
2691 4233 2743 4290 11
2769 4240 2920 4291 reste
2949 4230 3098 4291 donc

975 4320 1010 4378 a
1036 4321 1249 4380 choisir
1275 4331 1440 4383 entre
1468 4323 1749 4383 l’autorite
1778 4323 1850 4383 dc
1878 4332 2044 4383 notre
2071 4339 2360 4399 anonyme
2389 4331 2448 4382 ot
2475 4324 2618 4384 celle
2647 4324 2720 4383 de
2736 4323 2995 4382 Herman
3022 4321 3094 4380 dc
