<?xml version="1.0" encoding="UTF-8"?>
<!DOCTYPE html PUBLIC "-//W3C//DTD XHTML 1.0 Transitional//EN"
    "http://www.w3.org/TR/xhtml1/DTD/xhtml1-transitional.dtd">
<html xmlns="http://www.w3.org/1999/xhtml" xml:lang="en" lang="en">
 <head>
  <title>
</title>
<meta http-equiv="Content-Type" content="text/html;charset=utf-8" />
  <meta name='ocr-system' content='tesseract 3.04.00' />
  <meta name='ocr-capabilities' content='ocr_page ocr_carea ocr_par ocr_line ocrx_word'/>
</head>
<body>
  <div class='ocr_page' id='page_1' title='image "./gestesdesvquesd00unkngoog_0169.png"; bbox 0 0 3558 5493; ppageno 0'>
   <div class='ocr_carea' id='block_1_1' title="bbox 878 1210 2301 1314">
    <p class='ocr_par' dir='ltr' id='par_1_1' title="bbox 878 1210 2301 1314">
     <span class='ocr_line' id='line_1_1' title="bbox 878 1210 2301 1314; baseline -0.001 -1"><span class='ocrx_word' id='word_1_1' title='bbox 878 1213 1286 1313; x_wconf 73' lang='lat' dir='ltr'>[GESTA</span> <span class='ocrx_word' id='word_1_2' title='bbox 1355 1217 2085 1306; x_wconf 79' lang='lat' dir='ltr'>BURCHARDI.</span> <span class='ocrx_word' id='word_1_3' title='bbox 2151 1210 2301 1314; x_wconf 90' lang='lat'><strong>1¹.]</strong></span> 
     </span>
    </p>
   </div>
   <div class='ocr_carea' id='block_1_2' title="bbox 1393 1500 1792 1516">
    <p class='ocr_par' dir='ltr' id='par_1_2' title="bbox 1393 1500 1792 1516">
     <span class='ocr_line' id='line_1_2' title="bbox 1393 1500 1792 1516; baseline 0 0"><span class='ocrx_word' id='word_1_4' title='bbox 1393 1500 1792 1516; x_wconf 95' lang='lat' dir='ltr'> </span> 
     </span>
    </p>
   </div>
   <div class='ocr_carea' id='block_1_3' title="bbox 697 1791 2474 1876">
    <p class='ocr_par' dir='ltr' id='par_1_3' title="bbox 697 1791 2474 1876">
     <span class='ocr_line' id='line_1_3' title="bbox 697 1791 2474 1876; baseline -0.002 -15"><span class='ocrx_word' id='word_1_5' title='bbox 697 1792 999 1876; x_wconf 75' lang='lat' dir='ltr'><strong>Incipit</strong></span> <span class='ocrx_word' id='word_1_6' title='bbox 1043 1793 1144 1859; x_wconf 84' lang='lat' dir='ltr'>de</span> <span class='ocrx_word' id='word_1_7' title='bbox 1191 1793 1481 1859; x_wconf 84' lang='lat' dir='ltr'>domno</span> <span class='ocrx_word' id='word_1_8' title='bbox 1527 1791 2012 1859; x_wconf 70' lang='lat' dir='ltr'>Bul-chamo</span> <span class='ocrx_word' id='word_1_9' title='bbox 2058 1791 2474 1874; x_wconf 74' lang='lat' dir='ltr'>episcopo.</span> 
     </span>
    </p>
   </div>
   <div class='ocr_carea' id='block_1_4' title="bbox 524 1991 2650 2905">
    <p class='ocr_par' dir='ltr' id='par_1_4' title="bbox 524 1991 2650 2905">
     <span class='ocr_line' id='line_1_4' title="bbox 627 1991 2649 2093; baseline -0.001 -23"><span class='ocrx_word' id='word_1_10' title='bbox 627 1996 799 2071; x_wconf 86' lang='lat' dir='ltr'>Cum</span> <span class='ocrx_word' id='word_1_11' title='bbox 836 1993 930 2069; x_wconf 91' lang='lat' dir='ltr'>sit</span> <span class='ocrx_word' id='word_1_12' title='bbox 963 1992 1135 2068; x_wconf 89' lang='lat' dir='ltr'>utile</span> <span class='ocrx_word' id='word_1_13' title='bbox 1170 2001 1245 2068; x_wconf 91' lang='lat' dir='ltr'>et</span> <span class='ocrx_word' id='word_1_14' title='bbox 1281 1992 1576 2093; x_wconf 83' lang='lat' dir='ltr'>dignum</span> <span class='ocrx_word' id='word_1_15' title='bbox 1610 1991 1998 2068; x_wconf 79' lang='lat' dir='ltr'>memoria²</span> <span class='ocrx_word' id='word_1_16' title='bbox 2026 1991 2209 2066; x_wconf 82' lang='lat' dir='ltr'>vitas</span> <span class='ocrx_word' id='word_1_17' title='bbox 2235 1992 2649 2091; x_wconf 87' lang='lat' dir='ltr'>pontificum</span> 
     </span>
     <span class='ocr_line' id='line_1_5' title="bbox 526 2108 2650 2211; baseline 0.001 -28"><span class='ocrx_word' id='word_1_18' title='bbox 526 2109 919 2211; x_wconf 78' lang='lat' dir='ltr'>incognitas</span> <span class='ocrx_word' id='word_1_19' title='bbox 953 2109 1210 2185; x_wconf 81' lang='lat' dir='ltr'>futuris</span> <span class='ocrx_word' id='word_1_20' title='bbox 1246 2110 1687 2184; x_wconf 77' lang='lat' dir='ltr'><strong>innotescere</strong></span> <span class='ocrx_word' id='word_1_21' title='bbox 1723 2117 1797 2184; x_wconf 90' lang='lat' dir='ltr'>et</span> <span class='ocrx_word' id='word_1_22' title='bbox 1830 2116 2030 2184; x_wconf 81' lang='lat' dir='ltr'>actus</span> <span class='ocrx_word' id='word_1_23' title='bbox 2057 2132 2307 2183; x_wconf 85' lang='lat' dir='ltr'>eorum</span> <span class='ocrx_word' id='word_1_24' title='bbox 2333 2108 2650 2185; x_wconf 80' lang='lat' dir='ltr'>celebres</span> 
     </span>
     <span class='ocr_line' id='line_1_6' title="bbox 528 2223 2649 2324; baseline -0 -24"><span class='ocrx_word' id='word_1_25' title='bbox 528 2225 915 2315; x_wconf 78' lang='lat' dir='ltr'>declarare,</span> <span class='ocrx_word' id='word_1_26' title='bbox 957 2224 1319 2323; x_wconf 91' lang='lat' dir='ltr'>quomodo</span> <span class='ocrx_word' id='word_1_27' title='bbox 1355 2224 1661 2300; x_wconf 89' lang='lat' dir='ltr'>domnus</span> <span class='ocrx_word' id='word_1_28' title='bbox 1686 2224 2137 2300; x_wconf 80' lang='lat' dir='ltr'>Burchardus</span> <span class='ocrx_word' id='word_1_29' title='bbox 2171 2223 2244 2299; x_wconf 87' lang='lat' dir='ltr'>in</span> <span class='ocrx_word' id='word_1_30' title='bbox 2282 2224 2649 2324; x_wconf 81' lang='lat' dir='ltr'>episcopa-</span> 
     </span>
     <span class='ocr_line' id='line_1_7' title="bbox 527 2340 2642 2440; baseline 0.001 -26"><span class='ocrx_word' id='word_1_31' title='bbox 527 2350 680 2416; x_wconf 85' lang='lat' dir='ltr'>tum</span> <span class='ocrx_word' id='word_1_32' title='bbox 729 2343 1304 2417; x_wconf 74' lang='lat' dir='ltr'>cameracensem</span> <span class='ocrx_word' id='word_1_33' title='bbox 1353 2341 1771 2416; x_wconf 84' lang='lat' dir='ltr'>successerit</span> <span class='ocrx_word' id='word_1_34' title='bbox 1786 2398 1806 2431; x_wconf 89' lang='lat'>‚</span> <span class='ocrx_word' id='word_1_35' title='bbox 1862 2340 2302 2440; x_wconf 80' lang='lat' dir='ltr'>qualiterque</span> <span class='ocrx_word' id='word_1_36' title='bbox 2349 2341 2607 2416; x_wconf 84' lang='lat' dir='ltr'>vixerit</span> <span class='ocrx_word' id='word_1_37' title='bbox 2623 2399 2642 2431; x_wconf 89' lang='lat'><strong>,</strong></span> 
     </span>
     <span class='ocr_line' id='line_1_8' title="bbox 527 2455 2642 2556; baseline 0.001 -27"><span class='ocrx_word' id='word_1_38' title='bbox 527 2464 703 2552; x_wconf 91' lang='lat' dir='ltr'>quot</span> <span class='ocrx_word' id='word_1_39' title='bbox 714 2479 937 2553; x_wconf 76' lang='lat' dir='ltr'>penas</span> <span class='ocrx_word' id='word_1_40' title='bbox 954 2455 1389 2545; x_wconf 85' lang='lat' dir='ltr'>sustinuerit,</span> <span class='ocrx_word' id='word_1_41' title='bbox 1409 2481 1554 2554; x_wconf 90' lang='lat' dir='ltr'>quo</span> <span class='ocrx_word' id='word_1_42' title='bbox 1577 2456 1820 2531; x_wconf 81' lang='lat' dir='ltr'>labore</span> <span class='ocrx_word' id='word_1_43' title='bbox 1833 2455 2158 2556; x_wconf 81' lang='lat' dir='ltr'>dispersa</span> <span class='ocrx_word' id='word_1_44' title='bbox 2169 2455 2642 2556; x_wconf 75' lang='lat' dir='ltr'>recollegerit,</span> 
     </span>
     <span class='ocr_line' id='line_1_9' title="bbox 524 2571 2647 2669; baseline 0.001 -24"><span class='ocrx_word' id='word_1_45' title='bbox 524 2596 667 2669; x_wconf 81' lang='lat' dir='ltr'>qua</span> <span class='ocrx_word' id='word_1_46' title='bbox 714 2595 884 2646; x_wconf 82' lang='lat' dir='ltr'>cura</span> <span class='ocrx_word' id='word_1_47' title='bbox 934 2572 1305 2647; x_wconf 80' lang='lat' dir='ltr'>recollecta</span> <span class='ocrx_word' id='word_1_48' title='bbox 1360 2572 1752 2648; x_wconf 79' lang='lat' dir='ltr'>servaverit</span> <span class='ocrx_word' id='word_1_49' title='bbox 1766 2630 1786 2662; x_wconf 92' lang='lat'>‚</span> <span class='ocrx_word' id='word_1_50' title='bbox 1852 2571 1943 2646; x_wconf 84' lang='lat' dir='ltr'>ad</span> <span class='ocrx_word' id='word_1_51' title='bbox 2001 2572 2346 2647; x_wconf 89' lang='lat' dir='ltr'>honorem</span> <span class='ocrx_word' id='word_1_52' title='bbox 2392 2573 2514 2647; x_wconf 90' lang='lat' dir='ltr'>Dei</span> <span class='ocrx_word' id='word_1_53' title='bbox 2574 2583 2647 2647; x_wconf 88' lang='lat' dir='ltr'>et</span> 
     </span>
     <span class='ocr_line' id='line_1_10' title="bbox 526 2686 2647 2790; baseline 0.001 -28"><span class='ocrx_word' id='word_1_54' title='bbox 526 2694 807 2762; x_wconf 82' lang='lat' dir='ltr'>sanctae</span> <span class='ocrx_word' id='word_1_55' title='bbox 844 2686 978 2764; x_wconf 90' lang='lat' dir='ltr'>sibi</span> <span class='ocrx_word' id='word_1_56' title='bbox 1014 2688 1429 2778; x_wconf 80' lang='lat' dir='ltr'>commissae</span> <span class='ocrx_word' id='word_1_57' title='bbox 1465 2689 1841 2764; x_wconf 76' lang='lat' dir='ltr'>aecclesiae</span> <span class='ocrx_word' id='word_1_58' title='bbox 1877 2713 2270 2790; x_wconf 81' lang='lat' dir='ltr'>congruum</span> <span class='ocrx_word' id='word_1_59' title='bbox 2299 2698 2409 2766; x_wconf 89' lang='lat' dir='ltr'>est</span> <span class='ocrx_word' id='word_1_60' title='bbox 2444 2688 2647 2764; x_wconf 87' lang='lat' dir='ltr'>intel·</span> 
     </span>
     <span class='ocr_line' id='line_1_11' title="bbox 524 2804 2127 2905; baseline 0.005 -27"><span class='ocrx_word' id='word_1_61' title='bbox 524 2804 743 2905; x_wconf 81' lang='lat' dir='ltr'>ligere</span> <span class='ocrx_word' id='word_1_62' title='bbox 779 2813 853 2879; x_wconf 91' lang='lat' dir='ltr'>et</span> <span class='ocrx_word' id='word_1_63' title='bbox 886 2805 1160 2881; x_wconf 81' lang='lat' dir='ltr'>audire.</span> <span class='ocrx_word' id='word_1_64' title='bbox 2118 2833 2127 2841; x_wconf 84' lang='lat'><strong>·</strong></span> 
     </span>
    </p>
   </div>
   <div class='ocr_carea' id='block_1_5' title="bbox 1166 3005 1996 3088">
    <p class='ocr_par' dir='ltr' id='par_1_5' title="bbox 1166 3005 1996 3088">
     <span class='ocr_line' id='line_1_12' title="bbox 1166 3005 1996 3088; baseline -0.004 -14"><span class='ocrx_word' id='word_1_65' title='bbox 1166 3008 1291 3074; x_wconf 86' lang='lat' dir='ltr'>De</span> <span class='ocrx_word' id='word_1_66' title='bbox 1337 3006 1737 3074; x_wconf 75' lang='lat' dir='ltr'>electione</span> <span class='ocrx_word' id='word_1_67' title='bbox 1787 3005 1996 3088; x_wconf 75' lang='lat' dir='ltr'>ejus.</span> 
     </span>
    </p>
   </div>
   <div class='ocr_carea' id='block_1_6' title="bbox 523 3167 2646 3521">
    <p class='ocr_par' dir='ltr' id='par_1_6' title="bbox 523 3167 2646 3521">
     <span class='ocr_line' id='line_1_13' title="bbox 631 3167 2646 3306; baseline 0.001 -47"><span class='ocrx_word' id='word_1_68' title='bbox 631 3194 704 3259; x_wconf 89' lang='lat'>1.</span> <span class='ocrx_word' id='word_1_69' title='bbox 760 3192 925 3264; x_wconf 90' lang='lat' dir='ltr'>Post</span> <span class='ocrx_word' id='word_1_70' title='bbox 951 3189 1362 3265; x_wconf 89' lang='lat' dir='ltr'>defunctum</span> <span class='ocrx_word' id='word_1_71' title='bbox 1392 3167 1710 3306; x_wconf 75' lang='lat' dir='ltr'>Odonem</span> <span class='ocrx_word' id='word_1_72' title='bbox 1746 3190 2161 3289; x_wconf 90' lang='lat' dir='ltr'>episcopum</span> <span class='ocrx_word' id='word_1_73' title='bbox 2189 3190 2646 3264; x_wconf 81' lang='lat' dir='ltr'>Cameracen-</span> 
     </span>
     <span class='ocr_line' id='line_1_14' title="bbox 524 3304 2643 3405; baseline -0.001 -25"><span class='ocrx_word' id='word_1_74' title='bbox 524 3328 676 3380; x_wconf 91' lang='lat' dir='ltr'>sem</span> <span class='ocrx_word' id='word_1_75' title='bbox 692 3362 712 3395; x_wconf 92' lang='lat'>‚</span> <span class='ocrx_word' id='word_1_76' title='bbox 762 3329 1055 3381; x_wconf 76' lang='lat' dir='ltr'>assensu</span> <span class='ocrx_word' id='word_1_77' title='bbox 1098 3304 1549 3405; x_wconf 81' lang='lat' dir='ltr'>imperatoris</span> <span class='ocrx_word' id='word_1_78' title='bbox 1594 3314 1666 3380; x_wconf 91' lang='lat' dir='ltr'>et</span> <span class='ocrx_word' id='word_1_79' title='bbox 1712 3305 2046 3382; x_wconf 77' lang='lat' dir='ltr'>canonice</span> <span class='ocrx_word' id='word_1_80' title='bbox 2094 3305 2430 3379; x_wconf 87' lang='lat' dir='ltr'>electione</span> <span class='ocrx_word' id='word_1_81' title='bbox 2475 3304 2643 3378; x_wconf 90' lang='lat' dir='ltr'>cleri</span> 
     </span>
     <span class='ocr_line' id='line_1_15' title="bbox 523 3419 2642 3521; baseline 0.001 -27"><span class='ocrx_word' id='word_1_82' title='bbox 523 3428 595 3494; x_wconf 89' lang='lat' dir='ltr'>et</span> <span class='ocrx_word' id='word_1_83' title='bbox 621 3420 866 3519; x_wconf 88' lang='lat' dir='ltr'>populi</span> <span class='ocrx_word' id='word_1_84' title='bbox 894 3419 984 3496; x_wconf 83' lang='lat' dir='ltr'>ad</span> <span class='ocrx_word' id='word_1_85' title='bbox 1016 3421 1504 3521; x_wconf 84' lang='lat' dir='ltr'>episcopatum</span> <span class='ocrx_word' id='word_1_86' title='bbox 1531 3422 1906 3498; x_wconf 79' lang='lat' dir='ltr'>successit3</span> <span class='ocrx_word' id='word_1_87' title='bbox 1936 3420 2335 3497; x_wconf 88' lang='lat' dir='ltr'>tricesimus</span> <span class='ocrx_word' id='word_1_88' title='bbox 2360 3420 2642 3496; x_wconf 75' lang='lat' dir='ltr'>sextus⁴</span> 
     </span>
    </p>
   </div>
   <div class='ocr_carea' id='block_1_7' title="bbox 520 3633 2645 4423">
    <p class='ocr_par' dir='ltr' id='par_1_7' title="bbox 595 3633 1646 3708">
     <span class='ocr_line' id='line_1_16' title="bbox 595 3633 1646 3708; baseline 0.004 -18"><span class='ocrx_word' id='word_1_89' title='bbox 595 3634 647 3691; x_wconf 85' lang='lat'>1.</span> <span class='ocrx_word' id='word_1_90' title='bbox 689 3633 890 3708; x_wconf 86' lang='lat' dir='ltr'>Comp.</span> <span class='ocrx_word' id='word_1_91' title='bbox 922 3636 1326 3704; x_wconf 80' lang='lat' dir='ltr'>Introduction,</span> <span class='ocrx_word' id='word_1_92' title='bbox 1361 3652 1524 3693; x_wconf 87' lang='lat' dir='ltr'>num.</span> <span class='ocrx_word' id='word_1_93' title='bbox 1558 3637 1646 3694; x_wconf 85' lang='lat'>15.</span> 
     </span>
    </p>

    <p class='ocr_par' dir='ltr' id='par_1_8' title="bbox 591 3722 2175 3798">
     <span class='ocr_line' id='line_1_17' title="bbox 591 3722 2175 3798; baseline 0.001 -19"><span class='ocrx_word' id='word_1_94' title='bbox 591 3722 645 3779; x_wconf 76' lang='lat'>2.</span> <span class='ocrx_word' id='word_1_95' title='bbox 678 3723 760 3779; x_wconf 87' lang='lat' dir='ltr'>Le</span> <span class='ocrx_word' id='word_1_96' title='bbox 788 3724 1003 3798; x_wconf 85' lang='lat' dir='ltr'>copiste</span> <span class='ocrx_word' id='word_1_97' title='bbox 1033 3741 1069 3782; x_wconf 80' lang='lat' dir='ltr'><strong>a</strong></span> <span class='ocrx_word' id='word_1_98' title='bbox 1093 3724 1207 3781; x_wconf 87' lang='lat' dir='ltr'>mis</span> <span class='ocrx_word' id='word_1_99' title='bbox 1235 3741 1311 3782; x_wconf 90' lang='lat' dir='ltr'>en</span> <span class='ocrx_word' id='word_1_100' title='bbox 1339 3724 1647 3797; x_wconf 70' lang='lat' dir='ltr'>intel-ligne</span> <span class='ocrx_word' id='word_1_101' title='bbox 1680 3743 1692 3780; x_wconf 93' lang='lat'>:</span> <span class='ocrx_word' id='word_1_102' title='bbox 1727 3729 1810 3781; x_wconf 76' lang='lat' dir='ltr'>vel</span> <span class='ocrx_word' id='word_1_103' title='bbox 1846 3727 2175 3792; x_wconf 59' lang='lat' dir='ltr'>[memor-ile.</span> 
     </span>
    </p>

    <p class='ocr_par' dir='ltr' id='par_1_9' title="bbox 520 3811 2645 4154">
     <span class='ocr_line' id='line_1_18' title="bbox 594 3811 2645 3888; baseline 0.001 -23"><span class='ocrx_word' id='word_1_104' title='bbox 594 3812 645 3866; x_wconf 86' lang='lat'>3.</span> <span class='ocrx_word' id='word_1_105' title='bbox 688 3811 832 3868; x_wconf 82' lang='lat' dir='ltr'>L’an</span> <span class='ocrx_word' id='word_1_106' title='bbox 861 3813 996 3870; x_wconf 76' lang='lat'>1¹14</span> <span class='ocrx_word' id='word_1_107' title='bbox 1014 3855 1029 3884; x_wconf 85' lang='lat'><strong>‚</strong></span> <span class='ocrx_word' id='word_1_108' title='bbox 1070 3811 1294 3888; x_wconf 76' lang='lat' dir='ltr'>d&#39;apres</span> <span class='ocrx_word' id='word_1_109' title='bbox 1325 3813 1598 3872; x_wconf 77' lang='lat' dir='ltr'>Lambert</span> <span class='ocrx_word' id='word_1_110' title='bbox 1624 3812 1696 3871; x_wconf 86' lang='lat' dir='ltr'>de</span> <span class='ocrx_word' id='word_1_111' title='bbox 1724 3813 2020 3872; x_wconf 74' lang='lat' dir='ltr'>Watrelos</span> <span class='ocrx_word' id='word_1_112' title='bbox 2048 3822 2127 3888; x_wconf 85' lang='lat' dir='ltr'>(p.</span> <span class='ocrx_word' id='word_1_113' title='bbox 2161 3813 2286 3885; x_wconf 73' lang='lat'>512)</span> <span class='ocrx_word' id='word_1_114' title='bbox 2315 3820 2376 3870; x_wconf 90' lang='lat' dir='ltr'>et</span> <span class='ocrx_word' id='word_1_115' title='bbox 2401 3812 2645 3871; x_wconf 83' lang='lat' dir='ltr'>l&#39;auteur</span> 
     </span>
     <span class='ocr_line' id='line_1_19' title="bbox 520 3897 2641 3977; baseline 0 -21"><span class='ocrx_word' id='word_1_116' title='bbox 520 3897 592 3956; x_wconf 85' lang='lat' dir='ltr'>de</span> <span class='ocrx_word' id='word_1_117' title='bbox 615 3898 670 3957; x_wconf 79' lang='lat' dir='ltr'>la</span> <span class='ocrx_word' id='word_1_118' title='bbox 685 3899 935 3959; x_wconf 84' lang='lat' dir='ltr'>Version</span> <span class='ocrx_word' id='word_1_119' title='bbox 963 3900 1246 3977; x_wconf 63' lang='lat' dir='ltr'>huncaise</span> <span class='ocrx_word' id='word_1_120' title='bbox 1272 3901 1345 3961; x_wconf 88' lang='lat' dir='ltr'>de</span> <span class='ocrx_word' id='word_1_121' title='bbox 1371 3909 1536 3960; x_wconf 84' lang='lat' dir='ltr'>notre</span> <span class='ocrx_word' id='word_1_122' title='bbox 1575 3901 1894 3977; x_wconf 87' lang='lat' dir='ltr'>chronique</span> <span class='ocrx_word' id='word_1_123' title='bbox 1922 3911 2004 3976; x_wconf 89' lang='lat' dir='ltr'>(p.</span> <span class='ocrx_word' id='word_1_124' title='bbox 2034 3901 2191 3976; x_wconf 50' lang='lat'>521„</span> <span class='ocrx_word' id='word_1_125' title='bbox 2231 3900 2379 3958; x_wconf 83' lang='lat' dir='ltr'>mais</span> <span class='ocrx_word' id='word_1_126' title='bbox 2409 3916 2473 3958; x_wconf 78' lang='lat' dir='ltr'>sa</span> <span class='ocrx_word' id='word_1_127' title='bbox 2501 3916 2641 3958; x_wconf 88' lang='lat' dir='ltr'>con-</span> 
     </span>
     <span class='ocr_line' id='line_1_20' title="bbox 520 3986 2644 4066; baseline -0.001 -20"><span class='ocrx_word' id='word_1_128' title='bbox 520 3986 806 4048; x_wconf 76' lang='lat' dir='ltr'>secmtion</span> <span class='ocrx_word' id='word_1_129' title='bbox 833 3989 995 4048; x_wconf 85' lang='lat' dir='ltr'>n’eut</span> <span class='ocrx_word' id='word_1_130' title='bbox 1021 3988 1141 4049; x_wconf 84' lang='lat' dir='ltr'>lieu</span> <span class='ocrx_word' id='word_1_131' title='bbox 1166 4007 1280 4066; x_wconf 88' lang='lat' dir='ltr'>que</span> <span class='ocrx_word' id='word_1_132' title='bbox 1308 3991 1459 4050; x_wconf 85' lang='lat' dir='ltr'>deux</span> <span class='ocrx_word' id='word_1_133' title='bbox 1488 4007 1593 4049; x_wconf 82' lang='lat' dir='ltr'>ans</span> <span class='ocrx_word' id='word_1_134' title='bbox 1621 3992 1809 4066; x_wconf 77' lang='lat' dir='ltr'>apres,</span> <span class='ocrx_word' id='word_1_135' title='bbox 1838 4007 2063 4050; x_wconf 88' lang='lat' dir='ltr'>comme</span> <span class='ocrx_word' id='word_1_136' title='bbox 2093 3990 2135 4048; x_wconf 90' lang='lat' dir='ltr'>il</span> <span class='ocrx_word' id='word_1_137' title='bbox 2162 3998 2250 4050; x_wconf 85' lang='lat' dir='ltr'>est</span> <span class='ocrx_word' id='word_1_138' title='bbox 2276 3987 2517 4065; x_wconf 74' lang='lat' dir='ltr'>mat-que</span> <span class='ocrx_word' id='word_1_139' title='bbox 2534 3988 2571 4044; x_wconf 70' lang='grc' dir='ltr'>ὲ</span> <span class='ocrx_word' id='word_1_140' title='bbox 2590 3987 2644 4045; x_wconf 80' lang='lat' dir='ltr'>la</span> 
     </span>
     <span class='ocr_line' id='line_1_21' title="bbox 521 4076 1275 4154; baseline 0.004 -21"><span class='ocrx_word' id='word_1_141' title='bbox 521 4076 603 4134; x_wconf 83' lang='lat' dir='ltr'>fin</span> <span class='ocrx_word' id='word_1_142' title='bbox 630 4078 707 4134; x_wconf 87' lang='lat' dir='ltr'>du</span> <span class='ocrx_word' id='word_1_143' title='bbox 738 4080 969 4153; x_wconf 76' lang='lat' dir='ltr'>present</span> <span class='ocrx_word' id='word_1_144' title='bbox 997 4079 1275 4154; x_wconf 80' lang='lat' dir='ltr'>chapitre.</span> 
     </span>
    </p>

    <p class='ocr_par' dir='ltr' id='par_1_10' title="bbox 522 4165 2645 4423">
     <span class='ocr_line' id='line_1_22' title="bbox 591 4165 2643 4245; baseline 0 -23"><span class='ocrx_word' id='word_1_145' title='bbox 591 4167 645 4224; x_wconf 86' lang='lat'>4.</span> <span class='ocrx_word' id='word_1_146' title='bbox 687 4166 984 4226; x_wconf 75' lang='lat' dir='ltr'>Burchard</span> <span class='ocrx_word' id='word_1_147' title='bbox 1017 4183 1233 4242; x_wconf 79' lang='lat' dir='ltr'>occupo</span> <span class='ocrx_word' id='word_1_148' title='bbox 1259 4184 1335 4226; x_wconf 90' lang='lat' dir='ltr'>en</span> <span class='ocrx_word' id='word_1_149' title='bbox 1361 4168 1561 4229; x_wconf 73' lang='lat' dir='ltr'>realite</span> <span class='ocrx_word' id='word_1_150' title='bbox 1596 4167 1652 4228; x_wconf 90' lang='lat' dir='ltr'>le</span> <span class='ocrx_word' id='word_1_151' title='bbox 1689 4170 2185 4245; x_wconf 76' lang='lat' dir='ltr'>trente-septieme</span> <span class='ocrx_word' id='word_1_152' title='bbox 2222 4184 2364 4241; x_wconf 73' lang='lat' dir='ltr'>tang</span> <span class='ocrx_word' id='word_1_153' title='bbox 2401 4167 2546 4225; x_wconf 73' lang='lat' dir='ltr'>dans</span> <span class='ocrx_word' id='word_1_154' title='bbox 2587 4165 2643 4223; x_wconf 82' lang='lat' dir='ltr'>la</span> 
     </span>
     <span class='ocr_line' id='line_1_23' title="bbox 522 4254 2635 4334; baseline 0 -23"><span class='ocrx_word' id='word_1_155' title='bbox 522 4254 670 4312; x_wconf 78' lang='lat' dir='ltr'>serie</span> <span class='ocrx_word' id='word_1_156' title='bbox 706 4254 808 4314; x_wconf 89' lang='lat' dir='ltr'>des</span> <span class='ocrx_word' id='word_1_157' title='bbox 846 4256 1093 4331; x_wconf 75' lang='lat' dir='ltr'>eveques</span> <span class='ocrx_word' id='word_1_158' title='bbox 1130 4256 1202 4315; x_wconf 87' lang='lat' dir='ltr'>de</span> <span class='ocrx_word' id='word_1_159' title='bbox 1230 4257 1496 4317; x_wconf 74' lang='lat' dir='ltr'>Camlrmi</span> <span class='ocrx_word' id='word_1_160' title='bbox 1528 4264 1728 4334; x_wconf 90' lang='lat' dir='ltr'>(comp.</span> <span class='ocrx_word' id='word_1_161' title='bbox 1763 4261 1908 4319; x_wconf 80' lang='lat' dir='ltr'>Gall.</span> <span class='ocrx_word' id='word_1_162' title='bbox 1942 4263 2158 4328; x_wconf 71' lang='lat' dir='ltr'>christ„</span> <span class='ocrx_word' id='word_1_163' title='bbox 2205 4264 2248 4314; x_wconf 90' lang='lat' dir='ltr'>t.</span> <span class='ocrx_word' id='word_1_164' title='bbox 2280 4256 2401 4329; x_wconf 88' lang='grc' dir='ltr'>ΠΙ,</span> <span class='ocrx_word' id='word_1_165' title='bbox 2438 4273 2494 4330; x_wconf 85' lang='lat' dir='ltr'>p.</span> <span class='ocrx_word' id='word_1_166' title='bbox 2527 4254 2635 4327; x_wconf 70' lang='lat'><strong>26).</strong></span> 
     </span>
     <span class='ocr_line' id='line_1_24' title="bbox 523 4342 2645 4423; baseline -0.001 -22"><span class='ocrx_word' id='word_1_167' title='bbox 523 4343 823 4403; x_wconf 68' lang='lat' dir='ltr'>Peut-etre</span> <span class='ocrx_word' id='word_1_168' title='bbox 863 4353 1026 4403; x_wconf 84' lang='lat' dir='ltr'>notre</span> <span class='ocrx_word' id='word_1_169' title='bbox 1064 4362 1354 4422; x_wconf 82' lang='lat' dir='ltr'>anonyme</span> <span class='ocrx_word' id='word_1_170' title='bbox 1392 4347 1618 4406; x_wconf 82' lang='lat' dir='ltr'>n’a-t-il</span> <span class='ocrx_word' id='word_1_171' title='bbox 1659 4365 1762 4423; x_wconf 81' lang='lat' dir='ltr'>pas</span> <span class='ocrx_word' id='word_1_172' title='bbox 1800 4349 2025 4423; x_wconf 78' lang='lat' dir='ltr'>compte</span> <span class='ocrx_word' id='word_1_173' title='bbox 2061 4365 2135 4406; x_wconf 78' lang='lat' dir='ltr'>au</span> <span class='ocrx_word' id='word_1_174' title='bbox 2173 4344 2411 4404; x_wconf 87' lang='lat' dir='ltr'>nombre</span> <span class='ocrx_word' id='word_1_175' title='bbox 2449 4342 2519 4400; x_wconf 89' lang='lat' dir='ltr'>de</span> <span class='ocrx_word' id='word_1_176' title='bbox 2550 4358 2645 4401; x_wconf 86' lang='lat' dir='ltr'>ces</span> 
     </span>
    </p>
   </div>
  </div>
 </body>
</html>
