3558 5493
568 1008 665 1084 27

567 1467 661 1543 28

571 2739 660 2811 30

568 3200 645 3272 31

1446 526 1718 579 Nicoul.

963 667 1036 734 et
1072 658 1699 735 consuetudinibus
1741 741 1747 745 ,

960 782 1174 873 atque
1208 775 1777 874 possessionibus

960 898 1041 964 ut
1075 888 1361 964 fuerumt
1396 889 1812 990 antiquitus,

1058 1005 1241 1081 sicut
1274 1004 1633 1084 Gerar-dus
1667 1007 1956 1086 ultimus

948 1120 1099 1221 jam
1135 1120 1444 1195 tenuisse
1479 1120 1738 1198 dicitur

957 1243 1029 1309 et
1065 1235 1248 1311 sicut
1276 1236 1490 1311 certis
1530 1237 1833 1314 testibus

955 1350 1120 1425 hinc
1152 1351 1415 1426 veritas
1449 1353 1882 1453 agnoscitur.

1053 1466 1417 1541 Presulatu
1453 1467 1555 1541 sic
1593 1478 1884 1567 accepto

956 1581 1027 1654 in
1065 1581 1329 1657 cesaris
1363 1581 1624 1680 palatio

955 1698 1334 1772 astantium
1369 1698 1732 1796 processio

954 1836 1213 1912 magno
1248 1810 1543 1887 resultat
1577 1811 1862 1912 gaudio,

801 2054 925 2121 De
970 2054 1442 2138 receptione
1491 2056 1709 2136 apud
1757 2054 2348 2124 cameracum&

1053 2273 1349 2365 Quando
1381 2279 1615 2351 autern
1652 2274 2031 2374 episcopus

952 2390 1024 2463 in
1058 2389 1213 2465 istis
1247 2388 1435 2464 redit
1471 2390 1817 2489 panibus,

951 2503 1167 2604 longe
1200 2504 1290 2578 ab
1328 2504 1505 2578 urbe
1541 2505 1851 2604 populus

953 2619 1085 2695 sibi
1123 2620 1342 2695 exivit
1375 2619 1657 2695 obvius.

1051 2737 1181 2828 Qui
1218 2735 1288 2810 in
1327 2761 1455 2811 sua
1489 2736 1849 2835 presentia

951 2853 1190 2926 ferunt
1224 2876 1463 2925 ramos
1498 2859 1569 2925 et
1606 2850 1796 2937 folia,

951 2966 1296 3041 extollunt
1329 2965 1619 3041 laudum
1655 2967 1967 3041 carmina

953 3082 1104 3184 ejus
1140 3081 1393 3156 honori
1425 3106 1764 3182 congrua.

1050 3200 1211 3271 Mox
1249 3195 1416 3271 cleri
1454 3196 1875 3272 universitas

950 3319 1024 3386 et
1056 3312 1327 3387 ordinis
1362 3311 1718 3388 humilitas

952 3427 1188 3515 honor,
1225 3430 1447 3502 virtus
1480 3438 1548 3502 et
1573 3438 1880 3527 potestas

952 3543 1042 3618 ad
1077 3543 1324 3619 laudes
1358 3551 1617 3618 canunt
1653 3542 1956 3632 debitas,

1051 3668 1145 3733 et·
1168 3659 1259 3733 Te
1290 3658 1509 3733 Deum
1544 3660 1615 3732 in
1653 3657 1985 3732 cathedra

951 3773 1072 3847 tali
1105 3782 1389 3849 cantant
1418 3774 1637 3848 letitia

951 3889 1178 3988 qualis
1206 3889 1358 3997 visa
1395 3890 1507 3964 vel
1545 3888 1782 3965 audita

2551 533 2638 584 177

584 4085 636 4141 1.
675 4082 828 4142 Tont
854 4099 919 4142 ce
947 4084 1047 4159 qui
1068 4091 1159 4142 est
1177 4084 1441 4159 rapport&
1460 4083 1604 4142 dans
1625 4100 1690 4142 ce
1712 4083 2066 4158 paragrapho
2089 4091 2148 4142 et
2167 4083 2311 4142 dans
2330 4083 2413 4141 les
2430 4089 2630 4158 quatre

508 4172 796 4246 univerae,
827 4171 976 4230 ainsi
1005 4190 1117 4248 que
1145 4173 1290 4232 dans
1321 4173 1374 4232 le
1402 4180 1899 4232 commencement
1926 4171 2003 4230 du
2031 4173 2356 4248 cinquieme
2386 4176 2505 4243 (str.
2537 4171 2628 4259 29-

513 4262 622 4335 89),
654 4279 715 4318 se
747 4277 914 4336 passa
940 4261 1084 4321 dans
1112 4262 1168 4319 la
1194 4265 1388 4320 meme
1424 4262 1612 4320 annes
1650 4262 1789 4319 1136
1825 4261 2046 4334 (Lamh.
2078 4262 2353 4385 Watrzl„
2394 4278 2449 4334 p.
2483 4260 2625 4333 514);

2238 4352 2302 4408 1..
