3558 5493
1297 546 1634 601 mmm-m.
2464 550 2526 603 65

846 681 1217 781 conjurare
1251 682 1726 781 permitteret,

844 796 1011 896 quia
1046 796 1301 872 urbem
1339 823 1478 873 non
1518 798 1722 873 aliter

846 936 1078 1009 neque
1115 913 1226 987 se¹
1271 912 1467 1013 ipsos
1501 922 1860 1015 proteget.

406 1030 501 1099 37
504 1028 551 1103 2
943 1028 1186 1103 Presul
1225 1028 1477 1104 videns
1512 1029 1907 1128 periculum

847 1167 1067 1242 super
1101 1143 1238 1219 hoc
1274 1143 1468 1220 dolet
1503 1144 1841 1235 nimium3

845 1258 1088 1335 laudat
1119 1268 1359 1335 tamen
1394 1260 1796 1360 conjurium

846 1384 1145 1475 propter
1180 1375 1380 1452 urbis
1417 1377 1903 1478 suffragium&

407 1493 551 1563 373
945 1491 1085 1566 Sed
1117 1492 1310 1591 quod
1339 1493 1585 1592 jurant
1618 1493 1958 1592 episeopo

850 1605 1013 1680 nolo
1050 1606 1344 1704 quidem
1379 1608 1522 1682 ullo
1558 1608 1777 1682 modo

848 1722 1198 1819 preterire
1235 1722 1537 1797 silentio,

847 1841 995 1914 Hec
1030 1839 1221 1913 enim
1256 1847 1368 1913 est
1394 1838 1660 1938 juratio
1707 1867 1721 1912 :

407 1951 553 2025 374
946 1953 1085 2028 Nos
1123 1977 1353 2029 omues
1388 1957 1571 2030 aives
1606 1954 1892 2028 insimul

838 2093 972 2167 per
1004 2080 1280 2145 sanctos
1316 2069 1449 2145 Dei
1468 2074 1801 2168 juramus

851 2194 918 2258 et
943 2208 1077 2282 per
1109 2185 1318 2282 fidem
1344 2189 1812 2284 promittimus

852 2309 919 2373 et
944 2324 1079 2398 per
1114 2312 1379 2376 cartam
1415 2303 1898 2398 confirmamus

409 2416 554 2487 375
948 2415 1127 2513 quod
1168 2414 1581 2491 Galoherum
1614 2417 1898 2513 fidelius

848 2532 1235 2629 episcopum
1268 2533 1691 2607 servabimus

849 2645 936 2719 de
970 2648 1140 2734 vita,
1183 2647 1268 2722 de
1303 2648 1623 2722 membris
1659 2652 1843 2746 ejus,

850 2761 935 2835 de
973 2760 1223 2837 honore
1253 2764 1658 2862 presulatus

407 2878 553 2950 376
947 2880 1100 2975 reqi
1135 2877 1429 2954 Henrieo
1468 2879 1826 2976 quamdiu,

849 2994 1218 3090 quinimmo
1254 2995 1403 3090 filio
1441 2997 1595 3091 ejus

850 3120 1055 3207 atque
1092 3134 1321 3185 eorum
1360 3111 1667 3185 omuibus

850 3224 1178 3300 Romanis
1211 3227 1713 3301 suecessoribus

409 3343 554 3413 377
905 3380 912 3388 ·
948 3343 1176 3439 injus
1213 3343 1455 3418 adesse
1491 3346 1766 3442 poterit,

850 3468 930 3530 ut
964 3459 1078 3530 sui
1098 3459 1576 3555 judicaverint

854 3573 1114 3669 fratres
1152 3586 1218 3648 et
1254 3577 1628 3673 coepiscopi

488 3769 540 3824 1.
578 3784 651 3824 se.
683 3767 846 3825 Dans
876 3766 930 3826 le
958 3785 1068 3826 me.
1102 3785 1167 3828 ce
1195 3777 1321 3827 mot
1347 3768 1659 3827 au·dessus
1687 3768 1758 3825 de
1790 3767 1845 3823 la
1873 3765 2047 3839 ligne.

478 3856 536 3913 2.
577 3855 729 3914 C’eet
754 3856 808 3915 le
839 3857 1049 3915 second
1079 3858 1230 3916 essai
1272 3857 1772 3917 d'otablissement
1813 3855 1987 3913 d'uno
2024 3868 2334 3911 commune
2371 3851 2477 3908 fnit
2502 3850 2536 3908 ὁ

404 3943 692 4003 Cambrai.
725 3946 808 4003 Le
836 3947 1085 4020 premier
1111 3957 1212 4005 eut
1240 3948 1358 4005 lieu
1388 3965 1463 4005 en
1493 3947 1631 4004 1076
1654 3962 1729 4004 ou
1750 3946 1913 4019 1077,
1944 3962 2019 4004 au
2043 3948 2540 4003 commeneement

406 4032 482 4090 de
510 4032 841 4108 l’6piscopat
858 4034 930 4092 de
949 4035 1167 4094 Gonu-d
1186 4035 1245 4093 11
1276 4037 1431 4108 (θαι.
1460 4036 1697 4095 Gerar-di
1718 4038 1795 4103 ΙΙ,
1829 4052 1879 4094 e.
1911 4034 1969 4107 2,
1997 4049 2054 4106 p.
2088 4033 2243 4105 498);
2271 4031 2314 4088 il
2341 4037 2540 4088 avom

408 4122 680 4180 aussitot.
720 4123 883 4182 Cotto
912 4123 1157 4182 seconde
1186 4124 1296 4182 sois
1325 4124 1384 4182 la
1410 4140 1721 4183 commune
1756 4140 1822 4181 se
1861 4122 2081 4180 soutint
2116 4120 2371 4196 pendant
2405 4117 2537 4190 cinq

406 4228 537 4268 ans·
577 4211 701 4270 Eue
738 4212 827 4270 fut
868 4212 1054 4272 abolie
1091 4229 1191 4288 par
1227 4214 1568 4288 l'empereur
1597 4214 1778 4270 Henri
1812 4210 1865 4266 V
1896 4229 1969 4269 en
2002 4211 2137 4269 1107
2171 4213 2243 4282 (v.
2277 4208 2408 4281 plus
2438 4206 2538 4262 bas

409 4306 512 4358 str.
548 4301 829 4372 548-551).

2178 4398 2209 4450 5
