3558 5493
2 2475 3 2486 ⁴
2 2373 5 2440 -ffi-
2 2287 7 2328 „⁴
2 1645 13 2204 ᾼ--ῄ-η--ᾑ-ῂ--ᾑ
2 1425 13 1614 ἡ--ᾑ
2 679 15 1402 Ατ--τ--γ-ῑ--Γ--τ--η-ᾑ
2 457 19 660 ᾼ-ν-Α-ν-ῑ-
2 321 5 340 -
2 183 5 294 -Α--
2 115 5 152 -
2 31 19 72 ‘2-

86 262 93 270 .-

942 523 1036 576 224
1893 524 2099 576 GRSTA

1380 660 1729 734 reducunt
1766 660 1918 733 sine
1954 660 2232 734 morula

1378 774 1805 849 incolumem
1841 774 1932 849 ad
1970 774 2288 873 propria.

943 887 1085 962 349
1474 890 1739 965 Eadem
1772 890 1951 966 hora
1985 890 2281 990 contigit

1375 1004 1565 1080 unde
1601 1005 1925 1080 Flandria
1960 1005 2188 1081 doluit

1376 1120 1570 1217 quod
1606 1120 1706 1194 ibi
1742 1130 1909 1195 sunt
1943 1120 2291 1195 interfecti

1375 1234 1520 1310 duo
1555 1235 1765 1334 probi
1802 1235 2184 1323 castellani,

940 1352 1082 1423 350
1474 1351 1686 1425 ambo
1723 1352 1871 1425 nati
1906 1351 1978 1424 in
2015 1350 2343 1427 Flandria

1372 1466 1463 1541 de
1500 1475 1710 1567 gente
1740 1467 2150 1558 Teutonica,

1372 1580 1448 1655 in
1483 1581 1693 1682 longa
1730 1582 1884 1657 noti
1920 1583 2149 1681 patria

1370 1694 1777 1772 divitiarum
1814 1697 2074 1799 gloria¹
2090 1756 2106 1772 .

935 1813 1062 1884 354
1469 1812 1920 1889 Flandrensis
1956 1839 2196 1890 comes
2230 1814 2556 1913 protinus

1369 1929 1814 2003 verecundus
1851 1939 1925 2003 et
1961 1937 2361 2004 comnotus

1369 2066 1504 2139 pro
1541 2041 1891 2118 defunctis
1923 2042 2349 2118 han-onibus

1369 2167 1443 2233 et
1477 2182 1611 2255 pro
1649 2158 1878 2256 captis
1913 2157 2282 2247 militibus»,

932 2275 1075 2350 352
1466 2272 1882 2347 submonuit
1911 2273 2379 2348 Montensium

1367 2387 1702 2462 comitem
1739 2413 1873 2486 per
1906 2387 2299 2463 hominium

1366 2502 1704 2576 accedere
1740 2502 1834 2578 ad
1865 2502 1983 2602 jus
2019 2528 2229 2578 suum

1363 2616 1455 2692 de
1491 2617 1785 2717 objectis
1820 2643 2361 2716 responsurum.

931 2735 1073 2806 353
1467 2738 1652 2810 Loco
1689 2734 1922 2810 dicto²
1957 2735 2401 2836 congregatis

1362 2848 1690 2924 clamavit
1724 2874 1967 2925 comes
2002 2849 2449 2926 Flandrensis

1362 2990 1580 3063 super
1613 2970 2054 3042 Montensem
2091 2966 2182 3041 de
2219 2966 2366 3041 suis

1361 3081 1535 3156 viris
1570 3082 1797 3180 captis
1835 3091 1907 3157 et
1943 3081 2221 3169 occisis,

926 3192 1069 3268 354»
1458 3206 1528 3271 et
1568 3197 1657 3271 de
1694 3198 2157 3296 occupatione

1360 3311 1660 3385 civitatis
1695 3315 2112 3387 Cameracae

1358 3435 1572 3524 atque
1608 3426 1865 3525 regalis
1901 3427 2252 3502 marchiae

1360 3566 1577 3639 quam
1613 3542 1900 3617 tenebat
1933 3541 2351 3618 inconsulte.

923 3659 1066 3729 355
1458 3657 1638 3731 Dicit
1671 3658 1862 3732 enim
1897 3683 2053 3732 esse
2090 3683 2299 3735 suum

1358 3796 1492 3869 pei·
1516 3772 1636 3872 jus
1671 3773 2181 3850 hereditarium

992 4009 1044 4065 1.
1083 4009 1121 4065 J
1123 4024 1157 4066 e
1184 4007 1300 4067 n'ai
1327 4025 1405 4083 pu
1434 4016 1662 4068 trouver
1700 4027 1819 4070 non
1855 4012 1986 4087 plus
2023 4012 2188 4089 quels
2227 4019 2360 4071 sont
2402 4012 2487 4071 les
2523 4013 2676 4073 deux
2721 4011 3038 4072 chatelains

920 4096 1047 4155 tues
1075 4113 1150 4155 en
1176 4103 1325 4155 cette
1355 4106 1671 4157 rencontre.

988 4186 1042 4243 2.
1084 4185 1135 4241 ΙΙ
1160 4184 1257 4243 n'a
1283 4202 1386 4259 pas
1412 4185 1505 4243 ote
1535 4187 1621 4245 dit
1648 4189 1783 4262 quel
1810 4197 1901 4248 est
1927 4205 1992 4249 ce
2022 4189 2161 4264 lieu,
2186 4193 2262 4249 ou
2282 4189 2337 4247 le
2360 4197 2549 4249 comte
2570 4189 2642 4248 de
2660 4188 2917 4248 Hainaut
2933 4187 3038 4248 dut

920 4275 1297 4345 compat-altre
1325 4273 1537 4331 devant
1561 4273 1619 4331 Ia
1644 4291 1784 4333 cour
1811 4275 1912 4335 dos
1939 4278 2093 4351 pairs
2121 4276 2193 4335 de
2219 4277 2485 4336 Flandre.
