3558 5493
1412 623 1692 677 mcoml.
2523 615 2622 688 213'

935 761 1098 828 ante
1134 756 1496 831 affirmans
1531 783 1788 857 capere

939 892 1156 966 quam
1191 867 1451 945 debeat
1485 870 1878 952 discedere.

501 984 598 1060 27
602 985 646 1054 5
1037 983 1145 1058 Ad
1183 985 1460 1059 comitis
1495 989 1750 1063 auxilia

936 1105 1010 1172 et
1043 1102 1563 1196 prosternenda
1598 1106 1833 1181 menia

934 1213 1170 1314 pergit
1205 1215 1343 1289 leta
1378 1217 1530 1291 sine
1565 1243 1768 1296 mora

934 1330 1287 1405 Cameraci
1328 1336 1754 1412 communia.

495 1440 641 1516 276
1031 1449 1459 1523 Precurrunt
1493 1475 1668 1525 vero
1703 1452 1940 1530 faciles

935 1563 1500 1639 communiarum
1534 1566 1815 1664 pedites

935 1676 1027 1752 ad
1063 1679 1433 1768 assultum,
1475 1681 1888 1760 estimantes

934 1792 1227 1867 introire
1259 1794 1625 1871 velociter.

496 1908 641 1982 277
1035 1908 1384 2007 Oppidani
1421 1936 1498 1986 se
1533 1913 1926 1992 defendunt

812 2017 821 2024 ’
930 2023 1351 2124 peditesque
1386 2026 1490 2101 sic
1521 2028 1874 2127 repellunt

928 2139 1124 2237 quod
1158 2140 1504 2216 vulnerati
1543 2144 1824 2244 fugiunt

931 2261 1145 2351 atque
1182 2255 1454 2330 confusi
1491 2257 1818 2333 redeunt.

491 2365 637 2441 278
1031 2370 1425 2469 Comesque
1459 2374 1714 2449 Montis
1749 2385 2045 2467 remeat,

930 2485 1049 2582 qui
1087 2485 1505 2584 priusquam
1542 2499 1854 2566 castrum
1891 2492 2096 2569 cadat

929 2605 1053 2674 aut
1088 2624 1165 2674 se
1200 2600 1468 2677 victum
1503 2604 1692 2678 ultro
1728 2605 1986 2682 reddat

930 2741 1074 2791 non
1110 2715 1346 2793 redire
1371 2717 1765 2816 juraverat.

490 2833 635 2910 279
1028 2838 1135 2908 Ex
1170 2833 1309 2906 hoc
1342 2833 1543 2908 initio
1578 2835 1743 2909 mali

927 2947 1122 3046 quod
1161 2946 1606 3024 ostenderint
1641 2954 1927 3051 Symoni

927 3087 1193 3153 comes,
1232 3063 1423 3138 cives
1460 3068 1821 3142 Cameraci

924 3203 1222 3278 possum
1259 3180 1550 3256 refferre
1587 3183 1854 3257 nemini

488 3291 632 3368 280
1026 3303 1373 3393 quantum
1409 3300 1673 3398 Symon
1711 3302 2201 3399 perturbatur,

833 3431 840 3443 ’
928 3417 1273 3508 quantum
1308 3410 1474 3486 inde
1511 3412 1865 3505 irascitur,

926 3550 1014 3600 eo
1051 3527 1245 3624 quod
1283 3527 1374 3602 ab
1409 3527 1818 3629 hominibus

927 3641 1049 3740 qui
1087 3641 1196 3717 sui
1233 3649 1400 3717 sunt
1435 3643 1820 3736 invaditur,

486 3755 615 3831 28⁴
1024 3756 1229 3857 culpa
1265 3782 1389 3833 sua
1430 3760 1747 3836 nondum
1785 3773 1979 3855 nota,

924 3872 1105 3947 facta
1142 3874 1448 3949 necdum
1484 3874 1764 3975 injuria,

922 4011 1054 4064 nec
1089 3987 1363 4063 ratione
1400 3989 1684 4088 prodita

922 4126 1053 4176 cur
1085 4101 1389 4179 inferant
1424 4105 1492 4179 ei
1523 4107 1731 4183 mala.

484 4217 630 4292 282
1025 4219 1287 4316 Symon
1329 4228 1563 4296 tamen
1602 4223 1851 4299 dolens
1887 4225 2020 4300 sibi

925 4332 1191 4408 amicos
1227 4332 1469 4411 hostes
1503 4338 1657 4412 fieri
