3558 5493
945 582 1007 633 42

947 720 1091 795 235

945 1183 1090 1257 236

951 1642 1094 1718 237

948 2097 1094 2172 238

952 2562 1096 2638 239

955 3024 1100 3098 240

960 3483 1091 3562 24⁴

962 3949 1110 4027 242

1902 579 2108 632 GBSTA

1483 716 1611 790 Hic
1645 714 1840 789 illum
1873 713 2114 788 verbis
2150 712 2438 789 attrahit

1387 841 1458 907 et
1494 831 1608 906 ille
1646 831 1863 906 istum
1898 830 2168 931 arguit3

1388 948 1510 1046 qui
1544 955 1656 1023 est
1689 947 1982 1021 allecum
2016 945 2222 1021 allicit

1384 1071 1457 1138 et
1492 1063 1613 1162 qui
1652 1061 1995 1159 deeeptus
2031 1060 2184 1135 deci
2188 1061 2334 1161 pit,

1483 1183 1659 1253 Fere
1690 1202 1941 1252 omnes
1976 1177 2048 1250 in
2085 1175 2415 1254 domibus
2431 1235 2450 1266 ‚

1384 1296 1458 1369 in
1495 1292 1812 1393 prandiis
1846 1301 1919 1367 et
1951 1293 2240 1391 potibus

1384 1419 1458 1485 et
1493 1411 1567 1484 in
1602 1406 1776 1484 lodis
1814 1409 2158 1484 similibus

1377 1527 1524 1627 jam
1561 1526 1891 1600 locuntur
1925 1524 2016 1599 de
2052 1524 2334 1600 talibus.

1487 1642 1829 1718 Paulatim
1866 1641 2086 1716 exivit
2122 1640 2315 1715 foras

1388 1758 1773 1857 impiorum
1809 1756 2184 1856 cupiditaS‚

1384 1890 1567 1964 quos
1603 1890 1746 1939 non
1781 1872 1975 1939 tenet
2011 1862 2337 1950 fidelitas,

1386 1988 1908 2056 sacramentum
1945 2004 2078 2053 nec
2111 1979 2401 2053 veritas.

1485 2095 1817 2171 Nituntur
1854 2094 2047 2169 omni
2084 2094 2323 2170 studio

1388 2210 1631 2311 presul
1669 2210 2052 2286 Galcherus
2087 2209 2454 2308 quomodo

1387 2327 1500 2403 vel
1538 2354 1684 2427 quo
1724 2327 1950 2428 possit
1984 2327 2270 2428 ingenio

1387 2444 1556 2544 pelli
1593 2444 1684 2519 de
1720 2444 2112 2543 pontificio,

1489 2563 1688 2635 Nunc
1722 2568 1989 2659 potest,
2032 2559 2092 2633 si
2125 2583 2266 2633 non
2302 2557 2556 2648 auden,

1389 2676 1522 2750 hee
1556 2674 1671 2751 vel
1706 2674 2011 2750 clamare
2046 2673 2342 2773 scriptio

1391 2791 1588 2891 quod
1623 2799 1785 2866 orta
1818 2798 1929 2865 est
1962 2789 2251 2864 traditio

1392 2907 1484 2983 de
1520 2908 1860 2983 Galchero
1897 2906 2263 3006 episcopo.

1495 3024 1604 3100 Ab
1640 3023 1777 3100 illis
1810 3023 2002 3097 enim
2034 3022 2311 3097 litterae

1393 3140 1537 3215 cito
1570 3138 1950 3215 mittuntur
1983 3141 2326 3225 Manasse,

1394 3255 1570 3330 haee
1605 3279 1697 3330 ex
1728 3261 1884 3328 toto
1922 3253 2276 3343 nesciente

1396 3369 1556 3468 ipso
1593 3367 1934 3443 Galchero
1968 3366 2279 3465 presule.

1496 3489 1802 3584 Rogant,
1843 3493 2226 3582 precantur
2258 3508 2392 3581 per
2426 3507 2549 3558 eas

1400 3609 1480 3675 ut
1515 3624 1812 3700 presens
1847 3599 2038 3699 apud
2074 3604 2390 3675 Avesnas

1399 3716 1852 3815 presentibus
1886 3716 2158 3814 absque
2193 3740 2398 3791 mora

1400 3832 1825 3907 collocutum
1859 3831 2216 3906 adveniat.

1497 3948 1703 4026 Venit
1737 3947 1829 4022 ad
1866 3973 1992 4023 eos
2024 3952 2377 4022 Manasses

1402 4063 1475 4137 in
1508 4062 1666 4137 loco
1701 4062 1824 4161 qui
1858 4062 2224 4162 predictus
2259 4070 2394 4151 est,

1403 4178 1526 4254 ubi
1563 4178 1948 4253 Galcherus
1982 4177 2304 4274 pontifex

1405 4296 1523 4370 tali
1560 4295 1777 4370 modo
1814 4293 2143 4368 venditus
2180 4300 2314 4366 est.
