3558 5493
954 778 1093 847 187

945 1238 1084 1310 188

939 1701 1077 1773 189

932 2164 1069 2236 190

925 2628 1051 2698 191

920 3093 1060 3169 192

916 3555 1054 3626 193

912 3896 1052 3971 194

1921 531 2125 582 GESTA

1392 669 1642 758 eaptus
1678 662 1924 738 vivens
1958 675 2247 742 necatus
2282 678 2417 757 est,

1486 801 1702 874 quem
1737 777 2122 879 diligebant
2161 783 2541 885 principes,

1387 894 1911 970 venerabantur
1947 897 2271 989 comites,

1388 1006 1501 1081 cui
1538 1008 1949 1107 frequenter
1979 1012 2253 1089 nobiles

1232 1119 1240 1128 ’
1383 1123 1907 1201 famulabantur
1941 1128 2224 1205 milites,

1477 1240 1657 1315 Justi
1693 1241 1885 1315 enim
1910 1242 2189 1342 justicia

1381 1378 1524 1428 non
1562 1364 1717 1429 erat
1752 1356 1851 1431 ita
1886 1358 2168 1458 cognita

1378 1494 1512 1568 per
1541 1470 1697 1545 loca
1732 1472 1946 1572 longe
1985 1473 2216 1571 posita

1375 1592 1455 1660 ut
1490 1586 1784 1661 Gerardi
1823 1589 2161 1685 potentia.

1476 1701 1607 1792 Qui
1646 1703 1705 1778 si
1744 1703 2100 1780 timuisset
2134 1711 2358 1782 Deum

1372 1825 1444 1891 et
1481 1828 1788 1894 amasset
1817 1821 2264 1920 episcopum,

1370 1932 1564 2007 solus
1599 1939 1834 2008 terrae
1871 1935 2263 2012 dominium

1368 2047 1714 2123 tenuisset
1751 2050 2005 2126 subtus
2042 2076 2234 2127 eum.

1464 2170 1553 2240 Et
1585 2165 1750 2262 quia
1782 2168 2031 2264 presul
2064 2168 2423 2245 hominem

1366 2287 1439 2352 et
1474 2303 1716 2355 eomes
1752 2290 2030 2358 tantum
2067 2285 2403 2362 comitem

1366 2394 1751 2472 amiserant
1786 2422 1921 2496 per
1955 2400 2137 2475 hano
2173 2412 2482 2478 mortem

1363 2508 1454 2585 ab
1493 2511 1731 2586 exosis
1766 2515 2262 2612 compositam,

1458 2629 1932 2704 communiter
1967 2641 2365 2709 statuerunt
2447 2695 2448 2698 η

1360 2750 1433 2818 et
1467 2769 1600 2843 per
1636 2745 1854 2821 fidem
1890 2749 2356 2826 firmaverunt

1361 2860 1557 2959 quod
1593 2861 1779 2936 inter
1816 2889 1894 2937 se
1931 2889 2073 2939 non
2112 2867 2498 2944 manebunt

1355 2974 1477 3074 qui
1516 2975 1683 3051 odio
1719 2990 2178 3057 necaverunt.

1452 3095 1588 3167 Per
1621 3092 1759 3169 hoc
1795 3119 1970 3195 ergo
2007 3097 2467 3176 constitutum

1354 3208 1674 3307 oportuit
1710 3235 2069 3308 quemque
2103 3213 2341 3290 virum

1355 3323 1448 3397 de
1487 3323 1782 3400 Gerardi
1816 3335 2050 3401 morte
2086 3353 2292 3404 reum

1352 3436 1590 3512 laxare
1626 3439 1856 3514 natale
1871 3444 1878 3451 ’
1893 3442 2148 3516 solum.

1448 3553 1729 3644 domos,
1770 3563 2002 3630 terras
2037 3557 2464 3657 relinquere,

1349 3693 1513 3743 oum
1548 3670 1864 3745 externis
1900 3671 2246 3762 habitare,

1348 3784 1620 3860 exulari
1658 3793 1731 3860 et
1765 3786 2036 3862 vivere.

1447 3901 1775 4000 Oportuit
1814 3911 1886 3977 et
1920 3906 2280 4003 presulem

1345 4017 1737 4115 prophanis
1772 4028 2075 4118 propter
2110 4022 2444 4099 comitem

1344 4131 1520 4206 dare
1556 4132 2077 4209 absolutionem

1344 4245 1465 4344 qui
1505 4246 1820 4322 Ger-ardo
1855 4249 2271 4326 servierant.
