3558 5493
949 538 981 589 s
1902 532 2109 587 oms

1386 694 1522 746 nee
1556 670 1659 744 sic
1693 693 1832 768 pro
1866 668 2005 744 hoc
2040 667 2266 768 litigio

1387 786 1473 860 fit
1502 784 1733 859 baculi
1769 782 2046 858 relatio.

1000 907 1093 977 30
1488 898 1837 974 Transivit
1868 923 2095 973 annus
2129 896 2407 997 integer

1386 1040 1517 1090 rex
1552 1023 1934 1113 antequam
1966 1021 2431 1114 eognoseeret

1387 1130 1449 1204 si
1483 1137 1811 1204 mortuus
1846 1127 2185 1203 existeret

1388 1245 1744 1323 Ger-ardus
1774 1254 2020 1319 noster
2053 1241 2403 1343 pontifex.

1000 1365 1081 1436 31
1486 1362 1692 1435 Anno
1728 1367 1802 1434 et
1834 1358 1999 1458 plus
2034 1357 2381 1457 preterito

1392 1474 1652 1550 durant
1686 1474 1847 1549 lites
1882 1473 1974 1548 de
2009 1473 2262 1548 baculo

1391 1615 1523 1664 nec
1550 1598 1702 1664 erat
1737 1589 1829 1663 de
1863 1588 2204 1687 episeopo

1391 1705 1830 1780 restituendo
1866 1703 2077 1778 ratiO.

1489 1950 1614 2015 De
1651 1947 2054 2015 electione
2090 1948 2520 2014 masse.

1000 2161 1094 2235 32
1486 2155 1786 2247 Quidam
1819 2155 2111 2231 tandem
2141 2156 2568 2257 fieneigena,

1386 2271 1500 2347 cui
1534 2276 1887 2347 Manasses
1920 2258 2260 2361 orioma¹‚·

1387 2388 1649 2462 electus
1684 2388 1833 2462 est²
1871 2411 2004 2487 per
2029 2386 2266 2488 jurgia

1388 2527 1532 2577 non
1569 2527 1703 2601 per
1729 2503 1893 2602 jura
1925 2501 2259 2578 canonica
2295 2528 2311 2574 ε

999 2621 1091 2691 33
1487 2626 1561 2693 et
1591 2626 1671 2692 ut
1705 2617 1804 2692 nil
1839 2616 2072 2691 dicam
2106 2615 2373 2705 verius,

1389 2732 1664 2808 clericis
1700 2733 2130 2834 fugientibus

1386 2849 1653 2925 electus
1688 2858 1798 2924 est
1833 2850 2212 2949 episeopus

1381 2990 1422 3038 a
1458 2964 1750 3040 casatis³
1783 2973 1858 3040 et
1894 2963 2198 3039 civibus».

997 3076 1093 3152 34
1482 3082 1660 3156 Cum
1692 3085 2049 3156 Manasses
2085 3079 2394 3179 eligitur,

1386 3221 1430 3269 a
1462 3194 1653 3269 clero
1689 3194 1895 3292 plebs
1931 3193 2275 3269 dividitur

1382 3309 1756 3407 omnisque
1791 3309 1908 3383 lex
1942 3309 2400 3385 confunditur

982 3565 1069 3620 1.
1110 3564 1408 3621 Manasses
1445 3564 1589 3622 etait
1624 3563 1678 3622 le
1716 3564 1863 3621 frere
1901 3566 1979 3622 du
2015 3571 2205 3623 comte
2241 3565 2313 3622 de
2350 3563 2651 3636 Scissum,
2690 3562 2837 3621 Jean
2869 3564 2972 3635 1⁶³,
3010 3573 3071 3622 et

944 3651 1229 3710 chsnoine
1255 3651 1327 3710 de
1357 3651 1576 3726 l’eglise
1602 3654 1674 3710 de
1699 3652 1970 3758 Soissons
2002 3655 2226 3728 (Chron.
2258 3656 2318 3713 S.
2346 3656 2548 3722 Andr„
2573 3669 2629 3727 p.
2657 3651 2784 3725 525,
2813 3651 2853 3711 1.
2885 3652 2976 3727 33,
3009 3660 3069 3713 et

1013 3830 1067 3887 2.
1109 3830 1327 3887 Germ-d
1354 3831 1414 3888 11
1440 3835 1603 3890 etant
1628 3838 1781 3889 mort
1806 3849 1881 3889 au
1911 3833 2059 3890 mois
2086 3831 2140 3889 d’
2144 3836 2282 3890 sont
2314 3830 2452 3890 1092
2482 3829 2699 3905 (Gomp.
2735 3829 2864 3905 plus
2900 3829 3065 3901 haut,

942 3934 1000 3992 p.
1035 3919 1089 3991 1,
1117 3924 1239 3975 not.
1265 3920 1312 3991 1)
1343 3926 1403 3975 et
1430 3917 1560 3993 plus
1586 3919 1641 3975 d’
1645 3936 1760 3976 une
1789 3920 1976 3977 annes
2004 3937 2032 3977 s
2035 3921 2214 3977 ’etant
2240 3918 2472 3977 eeoulee
2489 3923 2654 3975 entre
2671 3925 2821 3976 cette
2838 3925 2993 3976 mort
3009 3923 3068 3975 et

942 4005 1232 4064 l’eleetion
1259 4008 1332 4065 de
1358 4008 1655 4066 Manasses
1688 4010 1784 4083 (V.
1816 4016 1918 4067 str.
1953 4010 2071 4081 31),
2114 4007 2343 4067 celle-ci
2385 4024 2425 4064 n
2428 4009 2480 4064 ’a
2514 4025 2591 4081 pu
2620 4009 2780 4067 avoir
2805 4007 2923 4066 lieu
2950 4024 3064 4082 que

942 4093 1086 4153 dens
1114 4093 1169 4152 le
1197 4102 1438 4152 conrant
1463 4095 1541 4152 du
1570 4096 1783 4155 second
1812 4103 2089 4155 semestre
2118 4096 2191 4155 de
2225 4096 2382 4155 1093.

1014 4184 1067 4240 3.
1107 4187 1325 4241 casatis.
1364 4182 1434 4240 V.
1467 4201 1533 4243 ee
1559 4192 1683 4243 mot
1711 4184 1855 4243 dens
1883 4184 1939 4243 la
1965 4184 2116 4243 table
2144 4186 2247 4243 des
2275 4192 2487 4243 termes
2523 4183 2595 4242 de
2633 4184 2802 4243 basse
2837 4184 3064 4243 latinite

942 4270 978 4327 ὃ,
1006 4270 1062 4329 la
1089 4272 1170 4329 fin
1197 4271 1275 4329 du
1305 4272 1552 4331 volume.
