3558 5493
950 547 1036 599 162
1906 546 2112 598 GESTA

1333 681 1391 756 si
1429 680 1619 754 enim
1653 680 1946 755 daretur
1982 679 2279 758 facultas
2317 685 2609 780 presuli,

1235 806 1474 895 sperat
1508 797 1810 895 quisque
1846 797 1983 872 sibi
2018 798 2155 873 hoo
2190 798 2381 873 idem
2418 801 2601 877 fieri.

1329 915 1591 989 Omnes
1627 914 2059 989 maledicunt
2093 923 2243 989 tam
2278 915 2541 991 durum
2576 918 2962 1009 hominem,

989 1032 1084 1101 95
1232 1029 1621 1105 multorum
1658 1030 2035 1105 eriminum
2070 1031 2324 1107 dantes
2358 1033 2782 1109 calumniam
2825 1062 2841 1108 :

1330 1170 1408 1220 se
1445 1145 1644 1221 multi
1681 1146 2052 1247 perjurant
2085 1173 2222 1246 pro
2257 1150 2391 1223 hac
2427 1149 2716 1240 duritia,

1230 1261 1590 1360 fidemque
1629 1263 1963 1337 amittunt
1999 1289 2134 1362 pro
2172 1264 2306 1338 hac
2342 1266 2683 1364 nequitia.

1331 1378 1583 1452 Infelix
1615 1403 1880 1454 exosus
1914 1379 2075 1454 talis
2112 1379 2494 1480 episeopus

1233 1503 1312 1569 ut
1346 1493 1564 1582 intuS,
1607 1494 1854 1569 odium
1888 1495 2105 1570 habet
2140 1497 2611 1575 extrinsecus.

940 1754 1170 1837 Quod
1198 1753 1683 1841 Garamans
1707 1755 2388 1825 Malus-filiaster
2416 1773 2598 1826 eum
2629 1758 3063 1827 invaserit.

942 1978 1083 2049 400
1332 1976 1690 2052 Gerardus
1724 1975 1986 2052 etenim
2021 1975 2598 2053 Malus-filiaster¹

1231 2092 1589 2191 presulem
1625 2100 1874 2166 eontra
1911 2115 1989 2165 se
2025 2092 2116 2167 ad
2153 2092 2335 2167 iram
2371 2102 2778 2192 promovet.

1330 2212 1507 2282 Nam
1543 2232 1710 2283 suos
1748 2208 2074 2283 homines
2107 2207 2375 2306 ubique
2412 2208 2666 2309 arripit

1233 2331 1445 2423 atque
1482 2322 1841 2399 redimere
1872 2349 2004 2422 per
2039 2349 2261 2422 penas
2299 2325 2559 2425 arguit,

1329 2448 1668 2537 taxatque
1704 2439 2012 2515 rusticos
2047 2440 2171 2538 qui
2207 2465 2373 2515 eum
2411 2441 2743 2515 invocant

944 2558 1086 2628 ⁴05
1235 2564 1311 2629 et
1345 2555 1469 2653 qui
1504 2555 1863 2632 aecclesiis
1896 2565 2304 2632 sanctorum
2344 2557 2731 2656 pertinent.

1333 2674 1516 2773 Sepe
1553 2698 1595 2746 a
1633 2672 1950 2748 Gerardo
1986 2671 2288 2771 requirit
2322 2672 2643 2772 pontifex

1235 2794 1317 2861 ut
1350 2786 1486 2864 sibi
1521 2786 1725 2862 liberi
1760 2787 2155 2863 reddantur
2189 2788 2510 2863 homines

1330 2901 1785 3004 fidejussione
1821 2904 1934 2980 vel
1971 2904 2406 2994 vadimonio,

1232 3019 1360 3095 sed
1397 3019 1512 3094 ille
1549 3028 1885 3096 neutrum
1922 3020 2089 3095 faoit
2125 3020 2493 3120 episeopo.

944 3139 1085 3209 ΗΟ
1332 3135 1472 3211 Sed
1510 3137 1746 3235 querit
1783 3135 2049 3211 trevias
2084 3136 2269 3211 inter
2307 3161 2385 3210 se
2422 3134 2662 3224 statui,

1014 3413 1067 3467 1.
1107 3409 1323 3468 Gerard
1352 3409 1425 3467 de
1454 3410 1918 3482 Saint-Aubert,
1951 3410 2219 3483 seigneur
2246 3410 2319 3467 de
2345 3407 2687 3482 Busignies‚
2719 3408 2934 3483 eponsa
2961 3409 3068 3465 Er-

941 3499 1281 3572 mengarde,
1320 3499 1438 3556 fille
1476 3498 1548 3556 de
1575 3499 1818 3572 Hugues
1854 3499 1915 3555 H
1955 3499 2158 3574 d’Oisy
2188 3500 2286 3572 (V.
2326 3499 2458 3572 plus
2497 3498 2600 3555 bas
2636 3499 2776 3557 aest.
2818 3499 3063 3565 Nicolai,

943 3594 1041 3645 str.
1076 3588 1330 3646 209-210.
1351 3591 1559 3647 -Βσσ,
1591 3591 1682 3645 des
1711 3591 1853 3646 Hist.
1883 3591 1947 3645 de
1974 3591 2090 3657 Fr„
2125 3597 2167 3646 t.
2191 3587 2363 3662 XIII,
2389 3606 2446 3662 p.
2469 3589 2596 3660 270,
2620 3588 2796 3660 note).
2831 3586 3068 3661 D’apres

943 3676 1185 3735 l’auteur
1210 3676 1289 3734 du
1318 3693 1521 3735 roman
1548 3676 1620 3735 de
1649 3676 1835 3735 Gilles
1864 3677 1935 3735 de
1964 3677 2115 3735 Ghin
2148 3676 2271 3749 (Ed.
2304 3676 2375 3734 de
2406 3676 2801 3751 Reiffenberg‚
2842 3692 2898 3732 v.
2930 3675 3067 3732 431-

941 3766 1067 3839 433,
1098 3783 1152 3839 p.
1192 3767 1306 3840 17),
1347 3781 1424 3824 on
1464 3764 1545 3824 lui
1574 3766 1768 3823 donna
1796 3766 1851 3824 le
1880 3781 2118 3823 surnom
2148 3765 2220 3823 de
2249 3764 2581 3823 Malfilastre
2610 3780 2683 3822 ou
2713 3764 3066 3834 Maufilatre‚

942 3858 1110 3913 Parce
1134 3873 1237 3925 que
1264 3858 1495 3926 saunoie
1520 3856 1716 3930 (renie)
1752 3858 1958 3930 (comp.
1989 3857 2262 3915 Glossaire
2289 3872 2407 3911 aum
2434 3870 2662 3911 romam
2689 3854 2767 3909 clu
2796 3855 3068 3910 chevalier

940 3948 1017 4001 du
1048 3945 1229 4016 qune
1255 3952 1306 4002 et
1333 3947 1397 4001 de
1426 3946 1592 4004 Gilles
1620 3948 1684 4002 de
1713 3947 1876 4014 Chia,
1911 3962 2014 4020 par
2043 3946 2174 4003 Em.
2205 3944 2448 4016 fluctuet,
2481 3961 2537 4018 p.
2571 3943 2694 4012 761)
2726 3947 2913 4001 l'avoit
2944 3945 3068 4014 (son

943 4035 1092 4108 pere)
1126 4035 1312 4102 Quam
1336 4035 1404 4103 fu
1427 4039 1569 4105 petis
1597 4041 1648 4091 et
1676 4052 1746 4092 en
1774 4037 2024 4105 enfanoe.
2055 4035 2139 4093 Le
2159 4033 2494 4107 Carpentier
2516 4034 2673 4104 (Hist.
2699 4034 2763 4088 de
2782 4031 3061 4097 Gambrai,

941 4132 1090 4197 part.
1118 4121 1167 4193 1,
1197 4140 1252 4197 p.
1290 4123 1412 4185 235)
1447 4123 1639 4181 donne
1668 4141 1783 4181 une
1811 4123 2161 4199 explication
2200 4124 2390 4182 moins
2421 4120 2856 4181 vraisemblable
2893 4120 2965 4178 de
3001 4135 3068 4177 oe

942 4228 1179 4269 surnom
1209 4228 1284 4269 en
1311 4212 1506 4270 disant
1532 4213 1672 4288 qu'il
1703 4214 1984 4288 signifiait
2009 4219 2267 4294 maupais
2295 4216 2509 4270 homme
2531 4220 2590 4270 et
2608 4211 2748 4285 qu'il
2768 4210 2858 4269 sut
2873 4210 3066 4292 donne

943 4302 977 4358 a
1007 4300 1220 4358 Gerard
1250 4303 1286 4357 ὰ
1313 4319 1472 4360 cause
1500 4307 1640 4374 qu'il
1668 4308 1957 4373 querelloit
1988 4309 2264 4375 tousjours
2294 4307 2366 4360 les
2395 4304 2844 4371 ecclesia-sliquos.
