3558 5493
917 556 1005 609 132

962 694 1052 763 67

813 1154 1047 1223 *68

948 2083 1042 2153 ’70

948 2546 1027 2616 ’71

945 2955 1110 3114 71

943 3471 1035 3539 73

943 3927 1037 4000 74

1873 557 2073 610 GESTA

1448 689 1597 763 Flet
1631 690 1937 766 rusticus
1973 701 2047 766 et
2082 693 2414 784 clamitat,

1349 802 1498 877 sive
1532 805 1841 879 calorem
1876 806 2132 882 habeat

1347 920 1496 994 sive
1533 919 1757 1020 frigus
1794 922 2161 1012 sustineat,

1345 1034 1578 1110 nudus
1614 1036 1707 1111 ad
1742 1039 1981 1113 forum
2015 1050 2383 1138 properat.

1442 1152 1645 1241 Quod
1683 1153 1999 1229 vendere
2037 1155 2250 1232 debet
2285 1158 2503 1234 homo

1344 1292 1488 1366 quo
1523 1277 1765 1365 potest
1800 1268 2045 1343 vendit
2079 1272 2349 1371 preci0‚

1343 1382 1682 1458 sollicitus
1720 1409 1812 1458 ex
1851 1384 2092 1461 debito

1341 1498 1536 1595 quod
1571 1498 1787 1573 debet
1821 1525 1959 1598 pro
1995 1500 2324 1602 pedagio,

1439 1614 1579 1690 Sed
1613 1615 1751 1690 1100
1789 1618 2197 1717 frequenter
2233 1619 2488 1695 accidit

1339 1730 1531 1829 quod
1569 1732 1830 1834 pignus
1868 1734 1980 1808 vir
2016 1759 2180 1810 cum
2217 1735 2428 1812 rediit

1340 1846 1683 1922 rehabere
1720 1874 1863 1923 non
1898 1851 2134 1949 potuit

1339 1989 1474 2061 pro
1508 1973 1797 2040 moneta
1831 1991 2048 2064 quam
2084 1966 2341 2041 attulit.

1436 2084 1612 2154 Nam
1647 2080 1887 2155 famuli
1924 2082 2304 2181 nequitiae,

1338 2220 1505 2271 seva
1541 2196 1730 2296 pleni
1769 2197 2127 2296 cupidine,

1338 2335 1502 2385 cum
1538 2312 1791 2387 nolunt
1824 2313 2086 2415 pignus
2117 2314 2446 2403 reddere,

1338 2427 1776 2502 mentiuntur
1813 2428 2238 2528 perdidisse.

1436 2542 1508 2617 Si
1539 2541 1630 2616 de
1667 2542 1790 2618 tali
1825 2543 2076 2645 injuria

1338 2657 1623 2733 auditur
1657 2659 2105 2759 querimonia

1336 2774 1426 2850 ab
1461 2775 1748 2852 homine
1785 2777 1900 2850 vel
1938 2777 2224 2865 femina,

1281 2907 1292 2920 ·
1334 2891 1497 2967 hinc
1531 2893 1723 2968 nulla
1757 2894 1842 2967 fit
1867 2892 2176 2992 justicia.

1432 3008 1546 3083 Sic
1575 3033 1853 3109 pauper
1887 3034 2021 3109 per
2058 3010 2449 3087 dominium

1335 3123 1602 3199 nullum
1638 3126 1909 3201 habens
1946 3125 2287 3201 auxilium

1332 3240 1571 3339 perdit
1605 3266 1909 3339 cappam
1945 3242 2060 3317 vel
2096 3241 2390 3340 pallium

1333 3364 1633 3454 propter
1669 3380 1891 3431 unum
1930 3357 2328 3433 denarium.

1433 3475 1612 3545 Istos
1650 3471 1998 3570 planctus,
2041 3473 2169 3547 has
2205 3472 2560 3571 querelas,

1333 3586 1464 3661 hos
1502 3586 1812 3676 dolores,
1856 3588 1984 3662 has
2021 3588 2347 3663 lacrimas

1335 3703 1860 3780 Werimboldus
1897 3730 2028 3805 per
2064 3704 2410 3779 maximas

1330 3818 1718 3918 extirpavit
1749 3820 2112 3918 pecunias.

1431 3932 1841 4007 Burchardo
1878 3958 2184 4033 namque
2223 3933 2489 4033 presuli

1334 4055 1545 4147 atque
1582 4049 1976 4125 Fulchardo
2012 4050 2219 4124 militi

1336 4162 1426 4235 de
1462 4188 1593 4238 suo
1629 4171 1905 4239 tantum
1943 4164 2188 4238 tribuit

1336 4278 1530 4375 quod
1567 4279 1854 4380 feodum
1890 4280 2023 4354 hoc
2060 4280 2300 4355 diruit.
