3558 5493
976 566 1061 618 178
1925 569 2124 621 GBSTA

1408 701 1611 776 nobis
1648 727 1790 776 non
1827 703 1961 778 fuit
1990 711 2219 777 antea.

1022 821 1111 888 33
1504 821 1691 917 Ergo
1728 826 2014 892 sanctus
2047 826 2238 892 extat
2273 819 2503 894 clerus

1403 939 1614 1030 atque
1650 933 1900 1007 beatus
1936 933 2270 1031 populuS,

1404 1046 1663 1144 quibus
1696 1047 1856 1123 talis
1892 1056 2004 1122 est
2036 1047 2368 1124 dominus

1405 1160 1699 1236 feliciter
1733 1161 2147 1261 dispositus,

1019 1273 1111 1346 34
1499 1278 1885 1373 Speremus
1919 1277 2110 1351 enim
2145 1276 2494 1375 optimum

1402 1390 1538 1464 hoc
1570 1392 1789 1465 fuisse
1823 1392 2229 1492 presagium

1403 1508 1596 1605 quod
1628 1506 1843 1582 habet
1876 1508 2314 1606 episcopium

1403 1648 1535 1722 per
1569 1623 1846 1698 felicem
1881 1624 2278 1698 introitum.

1018 1741 1109 1810 35
1501 1741 1681 1815 Ante
1713 1764 1915 1816 suam
1953 1740 2385 1839 presentiam

1403 1855 1644 1942 casati,
1686 1857 1880 1930 cives
1915 1857 2129 1930 etiam

1404 1994 1536 2068 per
1569 1979 1852 2046 sanctos
1887 1971 2009 2045 Dei
2047 1970 2369 2045 stabilem

1396 2084 1638 2182 jurant
1672 2084 1737 2158 ei
1772 2083 2121 2158 fidutiam.

1018 2201 1109 2270 36
1500 2204 1588 2273 Et
1620 2200 1772 2297 ipse
1806 2224 1939 2297 per
1976 2198 2348 2274 consilium

1402 2313 1713 2389 reddidit
1747 2315 1882 2389 inis
1916 2316 2375 2415 postmodum

1404 2413 1484 2505 ut
1515 2430 1840 2529 quisquis
1874 2430 2088 2505 debet
2120 2431 2494 2530 proprium

1403 2555 1595 2621 recte
1629 2554 1877 2622 tenere
1912 2545 2228 2622 feodum.

1406 2811 1529 2878 ne
1575 2792 1944 2879 cerardo
1990 2810 2216 2878 malo
2261 2793 2638 2879 fineen-0.

1018 3049 1110 3118 37
1500 3046 1905 3121 Accelerant
1942 3044 2253 3121 universi

1403 3169 1481 3237 ut
1517 3162 1650 3236 viri
1688 3162 1831 3236 sint
1864 3161 2208 3261 episcopi,

1403 3277 1527 3351 sed
1568 3277 1923 3352 Gerardus
1959 3277 2326 3352 Amolrici¹

1401 3417 1544 3466 non
1579 3392 1734 3467 vult
1769 3404 1940 3468 suus
1977 3393 2089 3468 vir
2124 3393 2305 3469 fieri.

1015 3511 1108 3581 38
1500 3509 1909 3609 Indignatur
1943 3508 2277 3584 accedere

1399 3623 1931 3723 hominiumque
1963 3625 2190 3699 facere

1103 3738 1107 3742 ’
1256 3784 1261 3789 ·
1401 3764 1631 3836 neque
1673 3739 1879 3838 [vult]
1917 3739 2008 3813 de
2041 3738 2377 3839 pontifice

1400 3862 1664 3930 terram
1694 3842 1899 3930 cuam
1935 3854 2281 3954 recipere.

1016 3972 1107 4043 39
1498 3971 1607 4046 Fit
1642 3980 1972 4046 constans
2008 3971 2080 4045 in
2121 3968 2455 4068 superbia

1040 4226 1091 4282 1.
1131 4224 1374 4284 suivant
1400 4224 1454 4283 le
1482 4226 1691 4284 Roman
1719 4228 1784 4282 de
1811 4228 1976 4285 Gilles
1993 4228 2059 4283 de
2080 4226 2223 4283 Ghin
2246 4226 2351 4299 (ed.
2375 4226 2446 4284 de
2465 4223 2849 4297 Reiffenberg,
2871 4240 2925 4281 v.
2950 4222 3078 4282 429-
3099 4276 3116 4289 .,

967 4313 1093 4385 ⁴30,
1123 4330 1179 4387 p.
1213 4314 1322 4386 17),
1352 4313 1407 4371 le
1435 4314 1568 4388 pero
1595 4314 1667 4373 de
1696 4314 1908 4371 Germ-d
1940 4313 2261 4373 Maufilatrc
2289 4315 2584 4390 s'appelait
2611 4317 2795 4374 Gilles.
