3558 5493
563 707 709 786 232

559 1170 707 1248 233

556 1629 704 1708 234

554 2096 700 2171 235

431 2585 437 2598 ·
550 2557 696 2635 236

547 3018 693 3096 237
735 3014 755 3038 ‘

546 3486 689 3562 238

540 3948 686 4025 239

1490 582 1766 635 mooun.

1103 715 1420 811 Cumque
1456 716 1814 792 Camemei
1852 717 2044 793 cives

999 828 1404 927 percipiunt
1438 831 1632 929 quod
1668 833 1964 909 antistes

1002 969 1044 1017 a
1080 947 1392 1043 Symone
1426 971 1759 1048 agressus
1796 957 1904 1024 est

1002 1066 1082 1133 ut
1119 1060 1480 1136 castellum
1515 1062 1581 1137 ei
1617 1061 1865 1154 donet,

1097 1199 1189 1252 ne
1222 1176 1491 1251 tribuat
1526 1180 2045 1271 oona-adimat,

998 1289 1123 1389 qui
1158 1293 1561 1390 pactionem
1596 1295 1922 1372 nesciunt

1002 1430 1132 1480 neo
1166 1407 1527 1505 privatum
1563 1411 1938 1488 eonsilium

997 1520 1183 1597 inter
1217 1545 1296 1598 se
1331 1548 1561 1624 nuper
1594 1527 1942 1604 habitum.

1094 1639 1387 1728 Quando
1422 1642 1677 1731 sciunt,
1720 1668 1866 1717 non
1904 1644 2038 1719 alia

998 1751 1168 1828 dant
1205 1757 1471 1855 presuli
1509 1760 1800 1834 consilia

994 1868 1127 1943 nisi
1165 1879 1245 1946 ut
1279 1872 1352 1945 in
1388 1896 1602 1950 manu
1642 1899 1770 1950 sua

995 1985 1538 2063 Sanctobertum
1574 1991 1900 2065 retineat.

1091 2101 1232 2175 Tali
1270 2103 1461 2178 enim
1497 2106 1892 2181 munimine

992 2223 1205 2315 atque
1241 2227 1389 2293 tam
1427 2220 1591 2295 forti
1629 2220 1833 2297 obice

990 2339 1229 2428 potest
1263 2336 1507 2432 presul
1544 2337 1916 2438 magnifiee

992 2447 1341 2523 malivolis
1377 2451 1738 2528 resistere.

1088 2563 1290 2653 Quod
1328 2565 1390 2640 si
1426 2569 1694 2666 Symon
1730 2571 2135 2668 possideret

934 2703 939 2708 ·
988 2677 1109 2776 qui
1147 2705 1334 2756 nune
1369 2680 1523 2782 ejus
1554 2684 1824 2759 amicus
1861 2695 1998 2777 est,

976 2792 1048 2867 si
1085 2795 1514 2896 quandoque
1551 2823 1679 2873 eor
1713 2809 2049 2893 mutaret,

987 2907 1166 2984 hano
1201 2913 1493 2988 turbare
1527 2923 1797 2990 terram
1833 2927 2104 3016 posset.

1085 3025 1218 3115 Qui
1253 3036 1449 3103 tenet
1484 3055 1618 3129 per
1652 3031 2026 3109 circuitum

986 3139 1149 3216 hino
1186 3143 1446 3235 Paluel,
1488 3147 1651 3220 hinc
1687 3149 2009 3249 Osgium‚

984 3256 1244 3331 turrim
1280 3260 1468 3357 apud
1508 3263 1885 3352 luciacum,

985 3375 1540 3466 Haveranchurt,
1585 3379 2068 3458 Crevicorum.

1082 3495 1272 3591 Ergo
1305 3495 1569 3592 Symon
1604 3503 1830 3570 totam
1869 3497 2004 3572 sibi

982 3611 1252 3680 terram
1287 3615 1489 3706 optat
1524 3610 1834 3684 ancillari

989 3720 1110 3815 qui
1147 3721 1221 3795 in
1256 3746 1428 3797 rure
1465 3725 1906 3800 Sanctoberti

982 3858 1060 3909 se
1099 3838 1407 3934 postulat
1442 3839 1824 3916 introduci.

1078 3954 1280 4042 Nam,
1324 3963 1403 4030 ut
1439 3955 1613 4044 dixi,
1657 3957 1718 4031 si
1752 3957 2068 4035 animum

979 4077 1429 4145 converteret
1467 4070 1540 4144 in
1576 4071 1850 4162 odium,

981 4180 1072 4255 ab
1105 4183 1285 4259 urbe
1322 4185 1513 4261 cives
1547 4186 1851 4264 liberum

980 4296 1248 4373 nullum
1282 4299 1625 4378 haberent
1661 4304 1932 4380 exitum

2591 590 2686 644 207
