3558 5493
1312 597 1653 649 canonum.

829 731 1196 842 ‘habuisse
1230 730 1599 807 introitum

863 849 958 923 ob
996 872 1301 947 pravum
1334 845 1487 947 ejus
1522 847 1795 922 exitum

862 989 1079 1064 quem
1115 963 1423 1040 vidimus
1457 963 1549 1039 ad
1583 964 1935 1041 ultimum.

425 1082 573 1156 498
962 1079 1101 1156 Sed
1137 1104 1228 1155 ne
1262 1078 1671 1210 dimmpam
1703 1079 2029 1155 ordinem

867 1204 942 1273 et
976 1202 1262 1271 actuum
1295 1202 1696 1270 matteriam

866 1310 937 1385 in
975 1311 1133 1385 loco
1169 1334 1301 1385 suc
1335 1309 1619 1385 faciam¹

865 1426 1029 1502 finis
1064 1426 1174 1502 sui
1210 1426 1540 1501 noticiam

740 1682 864 1749 De
903 1679 1412 1764 profectione
1448 1678 1834 1747 Galcheri
1869 1679 2229 1763 Lasiam.

429 1891 576 1965 499
968 1888 1077 1964 Ad
1113 1888 1534 1966 Galcherum
1569 1888 1732 1962 hinc
1764 1884 1986 1962 redeo

868 2013 1084 2103 atque
1118 2005 1258 2079 fleo
1293 2012 1368 2079 et
1404 2001 1611 2079 doleo

869 2121 1067 2220 quod
1097 2121 1282 2197 illius
1315 2121 1564 2221 petitio

869 2235 1270 2337 refragatur
1304 2236 1625 2312 exodio.

433 2358 576 2428 500
969 2352 1187 2428 Miror
1219 2352 1417 2451 quod
1449 2378 1592 2427 non
1628 2352 1957 2427 irascitur

871 2467 993 2567 qui
1029 2473 1140 2542 tot
1173 2467 1474 2542 adversa
1509 2468 1802 2567 patitur,

873 2582 996 2682 qui
1033 2607 1174 2657 non
1212 2582 1384 2658 ledit
1418 2592 1490 2658 et
1526 2582 1814 2673 leditur‚

873 2700 1093 2776 immo
1130 2724 1262 2778 nec
1298 2725 1376 2776 se
1412 2698 1799 2775 ulciscitur.

435 2822 565 2892 50⁴
973 2816 1415 2915 Quicumque
1447 2817 1638 2891 enim
1673 2816 1900 2892 voluit
2056 2903 2061 2912 ,

874 2933 1009 3009 sibi
1044 2957 1305 3009 nocere
1342 2932 1585 3008 nocuit

873 3058 948 3125 et
981 3048 1118 3124 hoc
1153 3048 1307 3148 ipse
1346 3048 1522 3124 dum
1554 3048 1790 3149 potuit

875 3167 1227 3265 patienter
1261 3165 1621 3241 sustinuit.

439 3285 583 3360 502
974 3281 1284 3380 Reliquit
1318 3305 1450 3356 nos
1486 3279 1873 3357 novissime

875 3396 989 3470 vir
1023 3420 1279 3497 magne
1310 3395 1690 3495 patientiae

876 3511 1045 3612 quia
1076 3513 1201 3586 Dei
1228 3511 1546 3611 justiciae

878 3650 1022 3702 non
1057 3626 1242 3700 ultra
1271 3626 1426 3701 vult
1457 3625 1818 3702 resistere.

440 3745 585 3818 503
973 3741 1299 3817 Perrexit
1332 3765 1505 3842 ergo
1541 3741 1826 3842 Legiam

878 3858 971 3932 ad
1007 3857 1353 3934 Obertum
1387 3857 1800 3956 pontificem

877 3998 1013 4074 per
1048 3972 1203 4074 ejus
1234 3971 1614 4048 amicitiam

882 4098 955 4165 et
990 4089 1253 4164 cesaris
1288 4088 1645 4164 fiduciam.

518 4347 569 4403 1.
613 4351 839 4419 faciam.
873 4348 1038 4406 Dans
1067 4347 1121 4405 le
1148 4364 1259 4408 ms.
1289 4351 1497 4419 ficiam.

2478 600 2541 653 87
