3558 5493
917 600 1003 652 ssss

956 1082 1037 1156 41

955 1902 1051 1979 42

955 2362 1050 2435 43

1858 597 2063 649 GRSTA

1203 739 1412 828 atque
1449 730 1817 804 introitum
1855 755 2061 805 suum
2098 731 2448 829 vituperat

1201 857 1274 923 et
1303 847 1796 922 rectitudinem
1833 847 2014 921 tollit
2049 872 2262 946 quam
2301 846 2610 947 postulat

1200 962 1426 1038 donec
1460 963 1839 1062 imperium
1874 987 2059 1063 pape
2094 964 2411 1063 recipiat.

1296 1084 1700 1154 Frustratus
1736 1077 2000 1154 electus
2038 1080 2371 1179 suspirat,
2415 1080 2700 1180 cogitat,

1198 1194 1461 1284 studet,
1503 1195 1846 1285 innititur,
1889 1195 2150 1294 querit,
2186 1195 2577 1297 interrogat

1198 1311 1371 1410 quid
1407 1311 1541 1385 sibi
1578 1310 1829 1385 melius
1864 1335 2075 1409 agere
2112 1309 2370 1400 valeat,

1198 1449 1361 1499 cum
1397 1424 1461 1499 ei
1499 1448 1636 1523 pro
1670 1422 1862 1498 bono
1899 1423 1995 1498 nil
2036 1423 2205 1498 boni
2243 1424 2503 1500 veniat.

1103 1752 1110 1761 ,
1223 1680 1349 1746 De
1395 1678 1810 1761 legatione
1857 1678 1965 1745 ad
2010 1692 2309 1759 papam
2354 1678 2696 1746 directa.

1297 1897 1559 1977 Videns
1595 1898 2005 1972 aecclesiam
2040 1904 2358 1972 sanctam
2394 1895 2710 1971 dividere

1198 2022 1658 2110 sanctumque
1695 2012 2021 2087 ordinem
2057 2012 2190 2087 sub
2228 2011 2668 2086 anathemate

1195 2129 1500 2204 aufferre
1537 2128 1779 2226 precio
1816 2136 2028 2226 atque
2063 2126 2441 2216 redimere,

1197 2244 1440 2344 precio
1472 2244 1688 2318 etiam
1724 2253 1974 2319 cuncta
2012 2243 2417 2344 disponere,

1297 2359 1658 2458 linquendi
1695 2360 1933 2434 omnia
1967 2361 2146 2435 velle
2184 2360 2654 2458 depromitur,

1049 2540 1058 2547 .
1200 2473 1362 2549 inde
1399 2474 1747 2548 confessio
1786 2474 1937 2573 ejus
1972 2473 2371 2549 ostenditur
2414 2502 2429 2548 ε

957 2822 1053 2898 44

954 3286 1048 3360 45

953 3746 1049 3819 46

956 4208 1051 4281 47

1199 2615 1342 2664 non
1380 2589 1571 2663 enim
1606 2590 1757 2663 vult
1794 2589 1982 2664 mori
2015 2596 2088 2663 et
2123 2600 2430 2664 mortem
2465 2591 2732 2689 patitur

1201 2713 1271 2781 et
1307 2729 1556 2804 pacem
1593 2704 1918 2803 querenti
1954 2730 2098 2804 pax
2134 2705 2267 2781 sibi
2306 2705 2597 2781 tollitur.

1297 2826 1402 2896 Ex
1439 2820 1618 2895 velle
1652 2821 1949 2919 proprio
1985 2823 2253 2896 mavult
2287 2821 2642 2897 dimittere

1197 2935 1436 3012 omnia
1470 2961 1686 3035 quam
1723 2960 1926 3010 suam
1962 2937 2269 3011 animam
2302 2938 2633 3036 perdere,

1196 3053 1543 3128 honorem
1579 3051 1922 3126 traditum
1957 3053 2182 3153 magis
2217 3062 2654 3152 postponere

1197 3194 1411 3269 quam
1447 3169 1584 3243 iter
1618 3167 1893 3267 ingredi
1929 3168 2181 3242 mortis
2217 3178 2626 3268 perpetuae.

1294 3291 1592 3362 veretur
1627 3285 1976 3372 homineS,
2018 3284 2144 3358 sed
2181 3285 2407 3385 magis
2444 3284 2847 3376 Dominum,

1198 3425 1490 3499 presens
1527 3398 1744 3474 decus
1781 3408 1996 3488 amat,
2039 3399 2165 3473 sed
2202 3400 2363 3497 plus
2398 3408 2828 3498 perpetuum

1198 3524 1272 3589 et
1305 3513 1493 3589 istud
1526 3522 1599 3587 et
1636 3512 1805 3588 illud
1842 3514 2037 3613 quod
2074 3521 2350 3587 constat
2381 3512 2716 3588 nichilum

1194 3654 1491 3729 prorsus
1526 3629 1853 3704 omittere
1885 3629 2036 3705 vult
2071 3639 2369 3728 propter
2402 3629 2807 3705 Dominum.

1293 3752 1372 3820 In
1407 3744 1625 3820 rebus
1661 3745 1985 3844 plurimis
2021 3742 2329 3819 volvitur
2364 3743 2667 3835 animm,

1196 3860 1333 3935 huc
1367 3861 1531 3937 illuc
1564 3862 1867 3936 vertitur
1901 3885 2034 3958 per
2069 3869 2320 3935 cuncta
2353 3858 2704 3957 trepidus,

1198 3976 1462 4074 quippe
1498 3976 1611 4050 cui
1649 4001 1791 4051 non
1827 3985 1937 4051 est
1971 3975 2405 4050 consiliarius
2628 3991 2634 3998 ·

1197 4093 1318 4189 qui
1357 4093 1448 4165 sit
1483 4091 1766 4191 negotio
1803 4093 1874 4165 in
1910 4091 2045 4165 hoc
2078 4090 2490 4166 fidissimus.

1297 4213 1375 4281 In
1416 4209 1566 4282 solo
1603 4208 1902 4283 Domino
1939 4207 2139 4306 ponit
2176 4207 2546 4281 consilium

1200 4323 1321 4422 qui
1358 4332 1630 4398 certum
1668 4324 1987 4399 tristibus
2022 4331 2294 4421 prestat
2329 4322 2682 4409 solatium,
