3558 5493
915 579 1003 630 136

958 944 1050 1013 98

952 1407 1044 1476 99

904 1869 1040 1939 100

903 2331 1026 2401 101

900 2793 1038 2868 102

897 3256 1035 3327 103

894 3715 1033 3790 104

891 4175 1029 4245 105

1868 574 2069 625 ὓΕδΤΑ

1349 706 1604 782 bibunt
1640 733 1759 782 eas
1795 716 1864 781 et
1903 707 2309 797 comedunt,

1345 832 1416 898 et
1454 847 1804 922 pauperes
1839 823 2182 898 esuriunt.

1445 939 1557 1014 Sic
1593 963 1943 1013 annorum
1979 964 2126 1013 non-
2154 940 2434 1016 modico

1345 1063 1797 1153 pretereunte
1833 1057 2139 1130 termino
2210 1118 2216 1123 .

1341 1171 1476 1247 fuit
1510 1196 1755 1245 rerum
1792 1171 2157 1246 distractio

1335 1296 1414 1399 et
1450 1287 1743 1387 inopum
1778 1286 2070 1363 oblivio.

1439 1403 1580 1478 Sed
1612 1409 1800 1478 Deus
1836 1410 2073 1478 rector
2110 1404 2427 1479 omnium

1341 1519 1462 1617 qui
1500 1518 1986 1596 Werimboldo
2024 1520 2338 1594 animum

1342 1634 1686 1709 excitarat
1724 1660 1855 1734 per
1892 1635 2224 1734 spiritum

1340 1751 1429 1825 ad
1469 1752 1783 1825 solamen
1821 1751 2209 1852 egentium,

1436 1867 1591 1966 ipse
1628 1868 1718 1941 ad
1755 1868 1893 1941 hoc
1928 1867 2275 1965 hospitale

1338 1983 1501 2057 fecit
1538 2007 1702 2056 eum
1742 1991 2229 2058 transcurrere

1336 2106 1549 2196 atque
1588 2097 1800 2170 nimis
1837 2097 2129 2172 sollicite

1337 2212 1427 2287 de
1459 2213 1578 2287 illo
1614 2213 2113 2288 intromittere.

1434 2328 1542 2404 Ad
1578 2329 1714 2403 hoc
1749 2334 1936 2404 Deus
1974 2328 2369 2404 beneficum

1337 2444 1673 2520 animavit
1708 2453 1778 2520 et
1816 2446 2165 2544 populum

1337 2568 1413 2633 ut
1450 2570 1737 2635 orarent
1773 2560 2339 2637 Werimboldum

1334 2675 1627 2752 domum
1665 2677 1933 2753 intrare
1972 2703 2394 2779 pauperum.

1431 2797 1631 2867 Dono
1667 2795 1958 2869 tandem
1994 2795 2334 2895 episcopi,

1331 2909 1669 3007 petitione
1706 2910 1954 3008 populi

1331 3023 1620 3098 intravit
1656 3025 1889 3099 aulam
1925 3027 2200 3101 Domini

1332 3164 1542 3214 causa
1579 3140 1688 3214 sui
1726 3141 2021 3215 servitii.

1430 3259 1609 3330 Ecce
1644 3256 1877 3329 cultor
1912 3256 2296 3333 catholicus

1331 3370 1555 3469 magis
1591 3370 1960 3469 magisque
1995 3372 2341 3469 providus

1328 3484 1419 3560 de
1456 3485 1854 3559 commissis
1890 3487 2328 3586 pauperibus

1327 3601 1623 3676 domum
1661 3600 1921 3701 incepit
1955 3603 2162 3679 altius

1424 3715 1811 3791 informare
1848 3717 1939 3793 de
1976 3720 2299 3810 cameris,

1326 3855 1674 3907 renovare
1711 3834 1803 3907 de
1837 3834 2136 3924 lectulis,

1325 3945 1417 4020 de
1454 3947 1789 4038 culcitriS‚
1834 3947 1926 4025 de
1964 3949 2193 4026 linteis

1327 4069 1402 4134 et
1434 4060 1524 4136 de
1562 4063 2055 4161 coopertoriis.

1420 4176 1842 4252 Emendavit
1876 4187 1950 4253 et
1984 4180 2362 4278 porticum,

1324 4291 1664 4367 maceries
1699 4301 1772 4367 et
1809 4294 2090 4383 solium,
