3558 5493
1040 526 1101 579 66
1986 516 2196 567 GRSTA

1481 651 1892 748 Lotharinqi
1926 649 2233 747 imperii¹
2250 704 2267 722 .

1045 776 1186 848 378
1581 767 1910 842 Juramus
1947 775 2015 839 et
2051 763 2175 841 hoc
2210 765 2505 863 denique

1481 908 1607 958 nos
1635 907 1766 982 pro
1804 881 2311 957 christianitate

1484 1001 1919 1077 Remensium
1955 996 2332 1072 aecclesiae

1485 1139 1857 1214 numquam
1891 1113 2028 1188 sibi
2063 1113 2383 1209 deficere,

1047 1239 1188 1310 379
1581 1255 1802 1330 neque
1837 1232 2023 1304 inter
2058 1252 2184 1303 nos
2218 1224 2619 1301 monacham

1483 1372 1609 1422 nec
1645 1347 1957 1421 abbatem
1990 1368 2116 1419 nec
2152 1344 2479 1419 clericum

1486 1464 1871 1537 consentire
1907 1485 2034 1536 nec
2073 1461 2326 1535 laicum

1486 1582 1607 1678 qui
1642 1581 1737 1652 sit
1773 1589 2016 1654 contra
2050 1579 2437 1674 episcopum
2444 1599 2483 1662 ,⁶

1051 1702 1191 1772 380
1586 1697 1791 1768 immo
1826 1693 2031 1768 illum
2067 1692 2418 1790 adpellere

1488 1810 1573 1884 ab
1609 1809 1777 1884 urbe
1816 1833 1970 1884 cum
2006 1809 2336 1884 dedecore

1321 2002 1332 2014 ,
1487 1928 1609 2024 qui
1644 1925 1730 1999 de
1766 1927 1916 2023 ipso
1953 1923 2309 1999 inhoneste

1491 2042 1772 2116 audebit
1807 2041 2017 2117 verba
2052 2042 2312 2138 facere,

1055 2165 1181 2236 381
1591 2168 1659 2232 et
1694 2160 2002 2256 recipere
2038 2158 2376 2230 neminem

1493 2274 1579 2348 de
1616 2273 1891 2348 clericis
1927 2282 2133 2348 esctra
2165 2271 2406 2346 urbem

1500 2392 1622 2488 qui
1657 2399 1821 2464 sunt
1857 2399 2100 2463 eontra
2128 2386 2524 2486 pontificem

1496 2507 1637 2579 nisi
1662 2528 1797 2602 per
1830 2528 2032 2578 suam
2066 2505 2394 2602 qratiam.

1062 2625 1202 2700 382
1596 2621 1692 2694 Et
1728 2620 1814 2694 de
1843 2618 2153 2717 presulis
2192 2617 2483 2715 lembus,

1496 2736 1582 2811 de
1618 2735 2225 2812 consuetudinibus

1500 2862 1579 2926 ut
1613 2853 1896 2950 ficerunt
1934 2852 2320 2949 antiquitus

1499 2970 1649 3042 suis
1675 2965 2278 3066 predecessoribus

1067 3088 1207 3159 383
1599 3107 1725 3157 nec
1762 3085 2124 3181 quicquam
2159 3099 2677 3178 supercrescere

1501 3222 1628 3274 nec
1666 3199 1757 3273 ad
1792 3201 2023 3272 minus
2059 3196 2473 3272 descendere

1488 3317 1821 3411 juramus
1858 3337 1935 3387 eo
1971 3315 2243 3387 vivente

1504 3439 1572 3503 et
1606 3452 2074 3504 successorum
2110 3439 2432 3525 tempore.

1069 3546 1211 3620 384
1604 3549 1851 3619 Preter
1876 3544 2039 3643 jura
2075 3542 2394 3642 episcopi

1506 3685 1689 3759 quae
1717 3660 1912 3759 jurat
1948 3669 2146 3735 cetus
2183 3658 2425 3758 populi

1506 3776 1623 3850 hic
1658 3801 1948 3851 necesse
1985 3800 2128 3850 non
2163 3774 2365 3850 affuit

1507 3891 1912 3991 singulatim
1949 3891 2311 3979 interseri3

1073 4012 1215 4083 385
1608 4007 1734 4082 sed
1769 4007 1965 4106 quod
1996 4007 2236 4108 jurant
2270 4005 2608 4105 episcopo

1149 4278 1194 4328 1.
1237 4267 1437 4341 Gomp.
1472 4269 1876 4333 Introduction,
1913 4282 2076 4323 num.
2108 4265 2198 4323 23.
