3558 5493
900 577 984 630 114
1846 572 2053 624 Gsssn

892 711 1198 786 domnus
1224 707 1699 793 Burchardus,
1746 708 1856 780 vir
1882 705 2185 804 simplex
2213 715 2286 780 et
2313 706 2677 797 honestum,
2719 708 3015 784 clericus

891 825 1364 922 sacerdosque
1422 822 1833 897 catholicus.
1885 826 2074 921 Papa
2117 820 2506 896 vocabatur
2548 823 2847 898 Pascalis
2892 824 3014 922 qui

888 951 1058 1017 tunc
1112 939 1460 1039 temporis
1518 937 1943 1037 apostolicae
2005 936 2197 1012 sedis
2254 945 2496 1012 custos
2559 938 2889 1013 extiterat
2945 948 3017 1013 et

887 1065 1147 1146 rector,
1191 1065 1264 1130 et
1297 1062 1596 1153 quartus
1634 1052 2009 1128 Henricus¹
2053 1052 2422 1128 dicebatur
2465 1053 2856 1152 imperator
2891 1054 3014 1154 qui

889 1171 1022 1248 sub
1085 1170 1340 1246 eodem
1409 1178 1734 1269 tempore
1795 1169 2093 1246 Romani
2166 1168 2450 1267 imperii
2512 1169 2843 1245 inventus
2907 1177 3017 1244 est

887 1288 1349 1390 gubernator.
1415 1289 1746 1362 Ceterum
1805 1285 1995 1360 inter
2052 1309 2353 1385 regnum
2412 1294 2484 1359 et
2542 1286 3016 1361 sacerdotium

890 1411 1044 1479 erat
1072 1403 1425 1480 discordia
1450 1401 1795 1477 mirabilis
1824 1400 2354 1501 maximumque
2388 1400 2789 1477 discidium.
2827 1405 3017 1500 Papa

890 1545 1195 1619 namque
1229 1520 1464 1619 ipsum
1501 1518 2010 1617 imperatorem
2045 1526 2118 1591 et
2155 1516 2305 1617 ejus
2333 1542 2554 1617 opera
2586 1519 3015 1594 incessanter

887 1634 1543 1719 anathematizabat,
1587 1642 1659 1707 et
1693 1632 2026 1707 omnibus
2056 1632 2335 1733 virgam
2370 1634 2800 1732 pastoralem
2835 1632 3018 1707 reci-

888 1750 1247 1850 pientibus
1293 1749 1384 1824 de
1425 1773 1643 1824 manu
1692 1774 1821 1825 sua
1870 1748 2249 1824 sacerdotii
2298 1748 2899 1824 consecrationem
2945 1756 3017 1822 et

809 1958 814 1963 .
887 1867 1123 1943 oleum
1181 1867 1464 1966 penitus
1520 1865 1945 1966 denegabat.
2013 1869 2463 1964 Quapropter
2519 1864 2826 1940 domnus
2884 1865 3016 1939 iste

886 1983 1337 2059 Burchardus
1363 1981 1849 2059 Cameracensi
1879 1981 2255 2056 aecclesiae
2282 1982 2523 2079 presul
2549 1981 3017 2056 communiter

887 2100 1299 2200 designatus
1344 2106 1418 2173 et
1457 2123 1591 2197 per
1634 2099 1872 2196 ipsum
1922 2097 2431 2195 imperatorem
2474 2124 2518 2172 a
2561 2102 3017 2174 Cameracen-

887 2214 1087 2290 sibus
1123 2213 1323 2289 factis
1358 2212 1817 2288 fidelitatibus
1842 2212 1915 2287 in
1942 2221 2211 2317 terram
2245 2222 2606 2313 receptus,
2649 2238 2782 2313 per
2818 2213 3017 2288 bien-

888 2330 1087 2404 nium
1122 2329 1370 2427 utique
1409 2330 1500 2404 ab
1537 2329 1926 2429 apostolica
1960 2338 2034 2404 et
2069 2329 2401 2406 Remensi
2440 2330 2610 2405 sede
2645 2354 3017 2405 consecra-

891 2447 1157 2522 tionem
1194 2445 1508 2521 debitam
1545 2446 1896 2522 dubitavit
1931 2447 2327 2544 requirere.
2382 2496 2393 2503 -

989 2566 1070 2633 2.
1130 2568 1633 2641 Verumtamen
1691 2568 1918 2638 Deum
1974 2588 2251 2661 ponens
2305 2563 2703 2663 adjutorem
2761 2587 2969 2638 suum
2990 2620 3009 2651 ,

891 2677 1013 2776 qui
1049 2686 1324 2754 certum
1361 2677 1693 2753 desolatis
1729 2678 1986 2777 prebet
2011 2677 2366 2767 solatium,
2410 2679 2533 2776 qui
2558 2679 2818 2779 Joseph
2849 2678 3017 2753 alie-

890 2819 1061 2869 num
1133 2818 1350 2892 super
1410 2794 1728 2895 Egiptios
1803 2794 1968 2870 fecit
2027 2794 2508 2893 prepositum,
2586 2804 2657 2869 et
2721 2794 3014 2870 obedire

888 2910 1184 3010 cupiens
1234 2919 1475 2985 sancte
1519 2915 1834 2986 Romane
1885 2919 1957 2985 et
2002 2910 2330 2985 Remensi
2376 2910 2786 3000 aecclesiae,
2842 2935 3016 3009 pru-

889 3024 1142 3100 denter
1175 3024 1734 3101 misericordiam
1761 3024 1887 3099 Dei
1926 3023 2176 3121 suique
2212 3024 2599 3124 magisterii
2636 3024 2826 3123 cepit
2861 3048 3016 3099 sus-

889 3139 1140 3229 tinere,
1173 3139 1473 3215 assiduis
1501 3137 1943 3215 orationibus
1969 3148 2044 3215 et
2071 3140 2323 3215 ceteris
2346 3140 2705 3238 beneficiis
2731 3165 3010 3228 vacare,

888 3255 1060 3329 cleri
1114 3265 1186 3330 et
1242 3255 1488 3354 populi
1547 3256 1850 3355 gratiam
1909 3279 2042 3353 per
2096 3255 2507 3331 humilitatis
2565 3256 3015 3332 devotionem

887 3369 1273 3468 plurimum
1326 3370 1675 3445 obtinere.
1736 3374 1844 3445 Ex
1898 3370 2197 3446 honesta
2249 3396 2424 3472 ergo
2477 3371 3015 3447 conversatione

889 3510 1014 3560 sua
1058 3494 1207 3559 tam
1251 3486 1440 3560 utilis
1487 3495 1560 3560 et
1604 3486 1876 3584 optima
1924 3487 2015 3561 de
2066 3487 2185 3561 illo
2236 3487 2728 3563 circumfertur
2776 3487 3015 3586 opinio

887 3600 1082 3699 quod
1140 3600 1475 3677 Radulfus
1532 3605 1922 3677 Remorum
1986 3603 2605 3701 archiepiscopus²
2670 3627 2762 3677 ex
2823 3603 3013 3677 bono

890 3791 1140 3863 eveques
1160 3790 1481 3865 Manasses‚
1510 3789 1564 3849 le
1584 3791 1966 3866 competiteur
1985 3792 2057 3850 de
2078 3791 2367 3865 Gaucher,
2390 3792 2625 3866 regarde
2644 3809 2748 3866 par
2769 3791 3014 3849 d’autres

889 3894 1118 3938 comme
1145 3894 1252 3937 son
1278 3896 1630 3941 successeur.
1675 3883 1758 3940 La
1804 3883 1979 3941 chose
2022 3882 2241 3941 semble
2280 3882 2541 3941 d’autant
2578 3883 2708 3957 plus
2745 3881 3014 3957 prohable

887 3985 1001 4043 que
1029 3968 1327 4027 Manasses
1355 3972 1450 4028 n'a
1475 3987 1577 4044 pas
1606 3970 1676 4029 de
1706 3971 2041 4046 biographie
2070 3971 2313 4045 speciale
2341 3971 2486 4030 dans
2514 3980 2679 4031 notre
2705 3971 2940 4031 recueil.

961 4059 1012 4114 1.
1055 4055 1197 4116 Plus
1223 4074 1416 4116 connu
1444 4075 1580 4117 sous
1609 4060 1663 4117 le
1694 4078 1830 4119 nom
1859 4060 1931 4119 de
1960 4060 2143 4119 Hem-i
2175 4059 2251 4117 V.
2293 4060 2492 4135 Gomp.
2538 4061 2670 4136 plus
2697 4061 2842 4119 haut
2870 4077 2922 4134 p.
2959 4060 3011 4131 5,

893 4151 1014 4202 not.
1049 4144 1099 4201 1.

955 4233 1009 4290 2.
1049 4232 1470 4309 L'archeveque
1491 4235 1792 4297 Manasses
1814 4236 1871 4295 11
1889 4238 2031 4296 etait
2059 4244 2212 4296 mort
2240 4255 2315 4295 en
2346 4239 2505 4310 1106,
2536 4245 2594 4296 et
2613 4237 2801 4297 Raoul
2821 4236 3016 4296 l'avait

893 4320 1176 4395 remplace
1205 4323 1428 4382 l'annee
1460 4325 1744 4384 suivante.
