<?xml version="1.0" encoding="UTF-8"?>
<!DOCTYPE html PUBLIC "-//W3C//DTD XHTML 1.0 Transitional//EN"
    "http://www.w3.org/TR/xhtml1/DTD/xhtml1-transitional.dtd">
<html xmlns="http://www.w3.org/1999/xhtml" xml:lang="en" lang="en">
 <head>
  <title>
</title>
<meta http-equiv="Content-Type" content="text/html;charset=utf-8" />
  <meta name='ocr-system' content='tesseract 3.04.00' />
  <meta name='ocr-capabilities' content='ocr_page ocr_carea ocr_par ocr_line ocrx_word'/>
</head>
<body>
  <div class='ocr_page' id='page_1' title='image "./gestesdesvquesd00unkngoog_0222.png"; bbox 0 0 3558 5493; ppageno 0'>
   <div class='ocr_carea' id='block_1_1' title="bbox 891 600 980 654">
    <p class='ocr_par' dir='ltr' id='par_1_1' title="bbox 891 600 980 654">
     <span class='ocr_line' id='line_1_1' title="bbox 891 600 980 654; baseline -0.011 0"><span class='ocrx_word' id='word_1_1' title='bbox 891 600 980 654; x_wconf 73' lang='lat'><strong>166</strong></span> 
     </span>
    </p>
   </div>
   <div class='ocr_carea' id='block_1_2' title="bbox 887 1079 1025 1149">
    <p class='ocr_par' dir='ltr' id='par_1_2' title="bbox 887 1079 1025 1149">
     <span class='ocr_line' id='line_1_2' title="bbox 887 1079 1025 1149; baseline -0.007 0"><span class='ocrx_word' id='word_1_2' title='bbox 887 1079 1025 1149; x_wconf 67' lang='lat'><strong>⁴95</strong></span> 
     </span>
    </p>
   </div>
   <div class='ocr_carea' id='block_1_3' title="bbox 881 1658 1025 1731">
    <p class='ocr_par' dir='ltr' id='par_1_3' title="bbox 881 1658 1025 1731">
     <span class='ocr_line' id='line_1_3' title="bbox 881 1658 1025 1731; baseline -0.014 -1"><span class='ocrx_word' id='word_1_3' title='bbox 881 1658 1025 1731; x_wconf 76' lang='lat'><strong>200</strong></span> 
     </span>
    </p>
   </div>
   <div class='ocr_carea' id='block_1_4' title="bbox 880 2234 1025 2309">
    <p class='ocr_par' dir='ltr' id='par_1_4' title="bbox 880 2234 1025 2309">
     <span class='ocr_line' id='line_1_4' title="bbox 880 2234 1025 2309; baseline -0.041 0"><span class='ocrx_word' id='word_1_4' title='bbox 880 2234 1025 2309; x_wconf 76' lang='lat'><strong>205</strong></span> 
     </span>
    </p>
   </div>
   <div class='ocr_carea' id='block_1_5' title="bbox 880 2818 1026 2892">
    <p class='ocr_par' dir='ltr' id='par_1_5' title="bbox 880 2818 1026 2892">
     <span class='ocr_line' id='line_1_5' title="bbox 880 2818 1026 2892; baseline -0.034 -1"><span class='ocrx_word' id='word_1_5' title='bbox 880 2818 1026 2892; x_wconf 68' lang='lat'><strong>2⁴0</strong></span> 
     </span>
    </p>
   </div>
   <div class='ocr_carea' id='block_1_6' title="bbox 880 3397 1025 3471">
    <p class='ocr_par' dir='ltr' id='par_1_6' title="bbox 880 3397 1025 3471">
     <span class='ocr_line' id='line_1_6' title="bbox 880 3397 1025 3471; baseline -0.034 -1"><span class='ocrx_word' id='word_1_6' title='bbox 880 3397 1025 3471; x_wconf 68' lang='lat'><strong>2⁴5</strong></span> 
     </span>
    </p>
   </div>
   <div class='ocr_carea' id='block_1_7' title="bbox 1838 589 2046 642">
    <p class='ocr_par' dir='ltr' id='par_1_7' title="bbox 1838 589 2046 642">
     <span class='ocr_line' id='line_1_7' title="bbox 1838 589 2046 642; baseline -0.01 0"><span class='ocrx_word' id='word_1_7' title='bbox 1838 589 2046 642; x_wconf 74' lang='lat' dir='ltr'>GESTA</span> 
     </span>
    </p>
   </div>
   <div class='ocr_carea' id='block_1_8' title="bbox 1166 719 2947 2305">
    <p class='ocr_par' dir='ltr' id='par_1_8' title="bbox 1166 719 2947 2305">
     <span class='ocr_line' id='line_1_8' title="bbox 1277 719 2412 822; baseline -0.005 -23"><span class='ocrx_word' id='word_1_8' title='bbox 1277 722 1614 802; x_wconf 75' lang='lat' dir='ltr'><strong>videntes</strong></span> <span class='ocrx_word' id='word_1_9' title='bbox 1650 721 1867 822; x_wconf 83' lang='lat' dir='ltr'><strong>igitur</strong></span> <span class='ocrx_word' id='word_1_10' title='bbox 1903 719 2094 795; x_wconf 89' lang='lat' dir='ltr'><strong>nullo</strong></span> <span class='ocrx_word' id='word_1_11' title='bbox 2128 720 2412 821; x_wconf 80' lang='lat' dir='ltr'><strong>ingenio</strong></span> 
     </span>
     <span class='ocr_line' id='line_1_9' title="bbox 1174 834 2339 939; baseline -0.006 -22"><span class='ocrx_word' id='word_1_12' title='bbox 1174 841 1311 917; x_wconf 83' lang='lat' dir='ltr'><strong>hoc</strong></span> <span class='ocrx_word' id='word_1_13' title='bbox 1345 864 1559 939; x_wconf 87' lang='lat' dir='ltr'><strong>posse</strong></span> <span class='ocrx_word' id='word_1_14' title='bbox 1595 837 1751 912; x_wconf 87' lang='lat' dir='ltr'><strong>fieri</strong></span> <span class='ocrx_word' id='word_1_15' title='bbox 1783 836 1936 910; x_wconf 89' lang='lat' dir='ltr'><strong>sine</strong></span> <span class='ocrx_word' id='word_1_16' title='bbox 1972 834 2339 935; x_wconf 83' lang='lat' dir='ltr'><strong>episeopo,</strong></span> 
     </span>
     <span class='ocr_line' id='line_1_10' title="bbox 1274 952 2856 1053; baseline -0.001 -22"><span class='ocrx_word' id='word_1_17' title='bbox 1274 956 1345 1031; x_wconf 93' lang='lat' dir='ltr'><strong>in</strong></span> <span class='ocrx_word' id='word_1_18' title='bbox 1384 956 1551 1030; x_wconf 88' lang='lat' dir='ltr'><strong>dolo</strong></span> <span class='ocrx_word' id='word_1_19' title='bbox 1587 978 1722 1053; x_wconf 90' lang='lat' dir='ltr'><strong>pro</strong></span> <span class='ocrx_word' id='word_1_20' title='bbox 1761 952 2033 1028; x_wconf 86' lang='lat' dir='ltr'><strong>cunctis</strong></span> <span class='ocrx_word' id='word_1_21' title='bbox 2069 952 2191 1050; x_wconf 85' lang='lat' dir='ltr'><strong>qui</strong></span> <span class='ocrx_word' id='word_1_22' title='bbox 2228 963 2856 1052; x_wconf 83' lang='lat' dir='ltr'><strong>oompeocaverant</strong></span> 
     </span>
     <span class='ocr_line' id='line_1_11' title="bbox 1179 1068 2577 1169; baseline -0.002 -23"><span class='ocrx_word' id='word_1_23' title='bbox 1179 1071 1395 1146; x_wconf 85' lang='lat' dir='ltr'><strong>libras</strong></span> <span class='ocrx_word' id='word_1_24' title='bbox 1432 1069 1943 1169; x_wconf 81' lang='lat' dir='ltr'><strong>quinquaginta</strong></span> <span class='ocrx_word' id='word_1_25' title='bbox 1979 1068 2115 1143; x_wconf 86' lang='lat' dir='ltr'><strong>sibi</strong></span> <span class='ocrx_word' id='word_1_26' title='bbox 2149 1068 2523 1144; x_wconf 87' lang='lat' dir='ltr'><strong>revadiant</strong></span> <span class='ocrx_word' id='word_1_27' title='bbox 2558 1095 2577 1143; x_wconf 72' lang='grc' dir='ltr'>ε</span> 
     </span>
     <span class='ocr_line' id='line_1_12' title="bbox 1272 1184 2812 1283; baseline -0.001 -21"><span class='ocrx_word' id='word_1_28' title='bbox 1272 1196 1346 1262; x_wconf 92' lang='lat' dir='ltr'><strong>et</strong></span> <span class='ocrx_word' id='word_1_29' title='bbox 1381 1210 1551 1261; x_wconf 79' lang='lat' dir='ltr'><strong>vere</strong></span> <span class='ocrx_word' id='word_1_30' title='bbox 1584 1186 1656 1258; x_wconf 89' lang='lat' dir='ltr'><strong>in</strong></span> <span class='ocrx_word' id='word_1_31' title='bbox 1693 1184 1862 1259; x_wconf 94' lang='lat' dir='ltr'><strong>dolo</strong></span> <span class='ocrx_word' id='word_1_32' title='bbox 1907 1210 1923 1257; x_wconf 92' lang='lat'>:</span> <span class='ocrx_word' id='word_1_33' title='bbox 1968 1209 2135 1258; x_wconf 90' lang='lat' dir='ltr'><strong>nam</strong></span> <span class='ocrx_word' id='word_1_34' title='bbox 2170 1209 2535 1283; x_wconf 89' lang='lat' dir='ltr'><strong>nunquam</strong></span> <span class='ocrx_word' id='word_1_35' title='bbox 2568 1185 2812 1261; x_wconf 87' lang='lat' dir='ltr'><strong>habuit</strong></span> 
     </span>
     <span class='ocr_line' id='line_1_13' title="bbox 1174 1300 2339 1401; baseline -0.004 -22"><span class='ocrx_word' id='word_1_36' title='bbox 1174 1313 1255 1379; x_wconf 91' lang='lat' dir='ltr'><strong>ut</strong></span> <span class='ocrx_word' id='word_1_37' title='bbox 1290 1303 1426 1389; x_wconf 82' lang='lat' dir='ltr'><strong>sibi</strong></span> <span class='ocrx_word' id='word_1_38' title='bbox 1453 1302 1727 1401; x_wconf 85' lang='lat' dir='ltr'><strong>juratas</strong></span> <span class='ocrx_word' id='word_1_39' title='bbox 1762 1300 2029 1375; x_wconf 90' lang='lat' dir='ltr'><strong>habere</strong></span> <span class='ocrx_word' id='word_1_40' title='bbox 2065 1300 2339 1375; x_wconf 82' lang='lat' dir='ltr'><strong>debuit.</strong></span> 
     </span>
     <span class='ocr_line' id='line_1_14' title="bbox 1270 1416 2650 1515; baseline -0.002 -21"><span class='ocrx_word' id='word_1_41' title='bbox 1270 1423 1413 1494; x_wconf 90' lang='lat' dir='ltr'><strong>Has</strong></span> <span class='ocrx_word' id='word_1_42' title='bbox 1447 1418 1665 1494; x_wconf 88' lang='lat' dir='ltr'><strong>libras</strong></span> <span class='ocrx_word' id='word_1_43' title='bbox 1700 1424 1966 1491; x_wconf 90' lang='lat' dir='ltr'><strong>statuto</strong></span> <span class='ocrx_word' id='word_1_44' title='bbox 2002 1416 2307 1515; x_wconf 90' lang='lat' dir='ltr'><strong>prebere</strong></span> <span class='ocrx_word' id='word_1_45' title='bbox 2342 1417 2650 1491; x_wconf 88' lang='lat' dir='ltr'><strong>termino</strong></span> 
     </span>
     <span class='ocr_line' id='line_1_15' title="bbox 1166 1532 2612 1637; baseline -0.001 -26"><span class='ocrx_word' id='word_1_46' title='bbox 1166 1534 1432 1637; x_wconf 83' lang='lat' dir='ltr'><strong>juravit</strong></span> <span class='ocrx_word' id='word_1_47' title='bbox 1468 1559 1545 1609; x_wconf 93' lang='lat' dir='ltr'><strong>se</strong></span> <span class='ocrx_word' id='word_1_48' title='bbox 1582 1541 1880 1633; x_wconf 83' lang='lat' dir='ltr'><strong>quartus</strong></span> <span class='ocrx_word' id='word_1_49' title='bbox 1916 1557 2157 1609; x_wconf 87' lang='lat' dir='ltr'><strong>oomes</strong></span> <span class='ocrx_word' id='word_1_50' title='bbox 2192 1533 2283 1608; x_wconf 92' lang='lat' dir='ltr'><strong>de</strong></span> <span class='ocrx_word' id='word_1_51' title='bbox 2320 1532 2612 1609; x_wconf 83' lang='lat' dir='ltr'><strong>Haino¹.</strong></span> 
     </span>
     <span class='ocr_line' id='line_1_16' title="bbox 1272 1649 2947 1748; baseline 0.001 -23"><span class='ocrx_word' id='word_1_52' title='bbox 1272 1656 1499 1742; x_wconf 83' lang='lat' dir='ltr'><strong>Quem</strong></span> <span class='ocrx_word' id='word_1_53' title='bbox 1534 1649 1779 1748; x_wconf 81' lang='lat' dir='ltr'><strong>presul</strong></span> <span class='ocrx_word' id='word_1_54' title='bbox 1814 1649 2147 1738; x_wconf 87' lang='lat' dir='ltr'><strong>absolvit,</strong></span> <span class='ocrx_word' id='word_1_55' title='bbox 2191 1649 2614 1739; x_wconf 88' lang='lat' dir='ltr'><strong>Gerardum,</strong></span> <span class='ocrx_word' id='word_1_56' title='bbox 2654 1649 2947 1727; x_wconf 81' lang='lat' dir='ltr'><strong>Gilium²</strong></span> 
     </span>
     <span class='ocr_line' id='line_1_17' title="bbox 1174 1765 2603 1864; baseline -0.001 -22"><span class='ocrx_word' id='word_1_57' title='bbox 1174 1776 1249 1844; x_wconf 89' lang='lat' dir='ltr'><strong>et</strong></span> <span class='ocrx_word' id='word_1_58' title='bbox 1284 1765 1810 1843; x_wconf 83' lang='lat' dir='ltr'><strong>multitudinem</strong></span> <span class='ocrx_word' id='word_1_59' title='bbox 1848 1766 2177 1855; x_wconf 88' lang='lat' dir='ltr'><strong>militum,</strong></span> <span class='ocrx_word' id='word_1_60' title='bbox 2220 1765 2543 1864; x_wconf 88' lang='lat' dir='ltr'><strong>peditum</strong></span> <span class='ocrx_word' id='word_1_61' title='bbox 2587 1794 2603 1840; x_wconf 76' lang='grc' dir='ltr'><strong><em>ε</em></strong></span> 
     </span>
     <span class='ocr_line' id='line_1_18' title="bbox 1271 1880 2669 1979; baseline 0 -23"><span class='ocrx_word' id='word_1_62' title='bbox 1271 1882 1504 1957; x_wconf 87' lang='lat' dir='ltr'><strong>taliter</strong></span> <span class='ocrx_word' id='word_1_63' title='bbox 1540 1890 1620 1955; x_wconf 94' lang='lat' dir='ltr'><strong>ut</strong></span> <span class='ocrx_word' id='word_1_64' title='bbox 1656 1880 1860 1955; x_wconf 90' lang='lat' dir='ltr'><strong>miles</strong></span> <span class='ocrx_word' id='word_1_65' title='bbox 1893 1880 2016 1954; x_wconf 89' lang='lat' dir='ltr'><strong>det</strong></span> <span class='ocrx_word' id='word_1_66' title='bbox 2052 1880 2366 1979; x_wconf 90' lang='lat' dir='ltr'><strong>quinque</strong></span> <span class='ocrx_word' id='word_1_67' title='bbox 2404 1881 2669 1956; x_wconf 87' lang='lat' dir='ltr'><strong>solidos</strong></span> 
     </span>
     <span class='ocr_line' id='line_1_19' title="bbox 1174 1996 2413 2096; baseline -0.001 -25"><span class='ocrx_word' id='word_1_68' title='bbox 1174 2007 1247 2072; x_wconf 91' lang='lat' dir='ltr'><strong>et</strong></span> <span class='ocrx_word' id='word_1_69' title='bbox 1280 1997 1504 2096; x_wconf 91' lang='lat' dir='ltr'><strong>pedes</strong></span> <span class='ocrx_word' id='word_1_70' title='bbox 1541 1996 1791 2096; x_wconf 75' lang='lat' dir='ltr'><strong>viginti</strong></span> <span class='ocrx_word' id='word_1_71' title='bbox 1828 1996 2046 2070; x_wconf 87' lang='lat' dir='ltr'><strong>donet</strong></span> <span class='ocrx_word' id='word_1_72' title='bbox 2083 1996 2413 2070; x_wconf 85' lang='lat' dir='ltr'><strong>denarios</strong></span> 
     </span>
     <span class='ocr_line' id='line_1_20' title="bbox 1272 2111 2609 2188; baseline 0 -1"><span class='ocrx_word' id='word_1_73' title='bbox 1272 2114 1364 2188; x_wconf 88' lang='lat' dir='ltr'><strong>ad</strong></span> <span class='ocrx_word' id='word_1_74' title='bbox 1402 2111 1912 2187; x_wconf 81' lang='lat' dir='ltr'><strong>restituendam</strong></span> <span class='ocrx_word' id='word_1_75' title='bbox 1947 2111 2263 2187; x_wconf 80' lang='lat' dir='ltr'><strong>funditus</strong></span> <span class='ocrx_word' id='word_1_76' title='bbox 2300 2113 2609 2187; x_wconf 90' lang='lat' dir='ltr'><strong>dirutam</strong></span> 
     </span>
     <span class='ocr_line' id='line_1_21' title="bbox 1175 2227 2414 2305; baseline -0.001 -1"><span class='ocrx_word' id='word_1_77' title='bbox 1175 2227 1358 2304; x_wconf 90' lang='lat' dir='ltr'><strong>beati</strong></span> <span class='ocrx_word' id='word_1_78' title='bbox 1398 2228 1720 2305; x_wconf 84' lang='lat' dir='ltr'><strong>Andreae</strong></span> <span class='ocrx_word' id='word_1_79' title='bbox 1757 2235 1982 2300; x_wconf 89' lang='lat' dir='ltr'><strong>totam</strong></span> <span class='ocrx_word' id='word_1_80' title='bbox 2021 2228 2414 2303; x_wconf 83' lang='lat' dir='ltr'><strong>eeclesiam.</strong></span> 
     </span>
    </p>
   </div>
   <div class='ocr_carea' id='block_1_9' title="bbox 1121 2342 2526 2444">
    <p class='ocr_par' dir='ltr' id='par_1_9' title="bbox 1121 2342 2526 2444">
     <span class='ocr_line' id='line_1_22' title="bbox 1121 2342 2526 2444; baseline -0.001 -24"><span class='ocrx_word' id='word_1_81' title='bbox 1121 2404 1130 2411; x_wconf 65' lang='grc'><strong><em>,</em></strong></span> <span class='ocrx_word' id='word_1_82' title='bbox 1271 2344 1560 2420; x_wconf 88' lang='lat' dir='ltr'><strong>Modum</strong></span> <span class='ocrx_word' id='word_1_83' title='bbox 1589 2342 1929 2444; x_wconf 85' lang='lat' dir='ltr'><strong>jussionis</strong></span> <span class='ocrx_word' id='word_1_84' title='bbox 1964 2352 2038 2417; x_wconf 90' lang='lat' dir='ltr'><strong>et</strong></span> <span class='ocrx_word' id='word_1_85' title='bbox 2075 2345 2526 2441; x_wconf 87' lang='lat' dir='ltr'><strong>penitentiae,</strong></span> 
     </span>
    </p>
   </div>
   <div class='ocr_carea' id='block_1_10' title="bbox 1173 2460 2898 3838">
    <p class='ocr_par' dir='ltr' id='par_1_10' title="bbox 1175 2460 2709 2561">
     <span class='ocr_line' id='line_1_23' title="bbox 1175 2460 2709 2561; baseline 0.001 -26"><span class='ocrx_word' id='word_1_86' title='bbox 1175 2486 1391 2561; x_wconf 91' lang='lat' dir='ltr'><strong>quem</strong></span> <span class='ocrx_word' id='word_1_87' title='bbox 1428 2461 1562 2536; x_wconf 90' lang='lat' dir='ltr'><strong>illis</strong></span> <span class='ocrx_word' id='word_1_88' title='bbox 1596 2460 1903 2560; x_wconf 80' lang='lat' dir='ltr'><strong>injunxit</strong></span> <span class='ocrx_word' id='word_1_89' title='bbox 1937 2461 2173 2559; x_wconf 81' lang='lat' dir='ltr'><strong>presul</strong></span> <span class='ocrx_word' id='word_1_90' title='bbox 2215 2487 2350 2560; x_wconf 88' lang='lat' dir='ltr'><strong>pro</strong></span> <span class='ocrx_word' id='word_1_91' title='bbox 2388 2461 2709 2552; x_wconf 87' lang='lat' dir='ltr'><strong>crimine,</strong></span> 
     </span>
    </p>

    <p class='ocr_par' dir='ltr' id='par_1_11' title="bbox 1175 2576 2619 2793">
     <span class='ocr_line' id='line_1_24' title="bbox 1273 2576 2619 2677; baseline 0.002 -27"><span class='ocrx_word' id='word_1_92' title='bbox 1273 2576 1587 2652; x_wconf 87' lang='lat' dir='ltr'><strong>scribere</strong></span> <span class='ocrx_word' id='word_1_93' title='bbox 1623 2576 1842 2666; x_wconf 86' lang='lat' dir='ltr'><strong>nolui,</strong></span> <span class='ocrx_word' id='word_1_94' title='bbox 1886 2577 2053 2675; x_wconf 87' lang='lat' dir='ltr'><strong>quia</strong></span> <span class='ocrx_word' id='word_1_95' title='bbox 2089 2579 2619 2677; x_wconf 86' lang='lat' dir='ltr'><strong>oontempnitur</strong></span> 
     </span>
     <span class='ocr_line' id='line_1_25' title="bbox 1175 2691 2530 2793; baseline 0 -23"><span class='ocrx_word' id='word_1_96' title='bbox 1175 2692 1512 2793; x_wconf 83' lang='lat' dir='ltr'><strong>quiequid</strong></span> <span class='ocrx_word' id='word_1_97' title='bbox 1548 2719 1591 2768; x_wconf 87' lang='lat' dir='ltr'><strong>a</strong></span> <span class='ocrx_word' id='word_1_98' title='bbox 1625 2691 1909 2792; x_wconf 89' lang='lat' dir='ltr'><strong>presule</strong></span> <span class='ocrx_word' id='word_1_99' title='bbox 1947 2692 2078 2769; x_wconf 87' lang='lat' dir='ltr'><strong>illis</strong></span> <span class='ocrx_word' id='word_1_100' title='bbox 2113 2693 2530 2793; x_wconf 86' lang='lat' dir='ltr'><strong>precipitur.</strong></span> 
     </span>
    </p>

    <p class='ocr_par' dir='ltr' id='par_1_12' title="bbox 1173 2809 2758 3028">
     <span class='ocr_line' id='line_1_26' title="bbox 1273 2809 2607 2909; baseline -0.001 -22"><span class='ocrx_word' id='word_1_101' title='bbox 1273 2817 1593 2909; x_wconf 88' lang='lat' dir='ltr'><strong>Namque</strong></span> <span class='ocrx_word' id='word_1_102' title='bbox 1629 2809 1946 2883; x_wconf 80' lang='lat' dir='ltr'><strong>universi</strong></span> <span class='ocrx_word' id='word_1_103' title='bbox 1981 2834 2114 2884; x_wconf 87' lang='lat' dir='ltr'><strong>nec</strong></span> <span class='ocrx_word' id='word_1_104' title='bbox 2145 2811 2607 2908; x_wconf 87' lang='lat' dir='ltr'><strong>penitentiam</strong></span> 
     </span>
     <span class='ocr_line' id='line_1_27' title="bbox 1173 2925 2758 3028; baseline 0 -27"><span class='ocrx_word' id='word_1_105' title='bbox 1173 2936 1392 3028; x_wconf 84' lang='lat' dir='ltr'><strong>agunt</strong></span> <span class='ocrx_word' id='word_1_106' title='bbox 1427 2952 1557 3001; x_wconf 86' lang='lat' dir='ltr'><strong>nee</strong></span> <span class='ocrx_word' id='word_1_107' title='bbox 1590 2926 2022 3024; x_wconf 85' lang='lat' dir='ltr'><strong>promissam</strong></span> <span class='ocrx_word' id='word_1_108' title='bbox 2057 2925 2323 3002; x_wconf 86' lang='lat' dir='ltr'><strong>donant</strong></span> <span class='ocrx_word' id='word_1_109' title='bbox 2360 2925 2758 3025; x_wconf 77' lang='lat' dir='ltr'><strong>pecuniam.</strong></span> 
     </span>
    </p>

    <p class='ocr_par' dir='ltr' id='par_1_13' title="bbox 1176 3042 2754 3258">
     <span class='ocr_line' id='line_1_28' title="bbox 1272 3042 2754 3142; baseline 0.002 -25"><span class='ocrx_word' id='word_1_110' title='bbox 1272 3043 1380 3118; x_wconf 91' lang='lat' dir='ltr'><strong>Fit</strong></span> <span class='ocrx_word' id='word_1_111' title='bbox 1418 3042 1747 3142; x_wconf 87' lang='lat' dir='ltr'><strong>perjurus</strong></span> <span class='ocrx_word' id='word_1_112' title='bbox 1784 3065 2025 3116; x_wconf 88' lang='lat' dir='ltr'><strong>comes</strong></span> <span class='ocrx_word' id='word_1_113' title='bbox 2062 3042 2314 3140; x_wconf 88' lang='lat' dir='ltr'><strong>suique</strong></span> <span class='ocrx_word' id='word_1_114' title='bbox 2349 3043 2754 3142; x_wconf 79' lang='lat' dir='ltr'><strong>oomplioes‚</strong></span> 
     </span>
     <span class='ocr_line' id='line_1_29' title="bbox 1176 3157 2547 3258; baseline -0.001 -24"><span class='ocrx_word' id='word_1_115' title='bbox 1176 3159 1341 3258; x_wconf 88' lang='lat' dir='ltr'><strong>quia</strong></span> <span class='ocrx_word' id='word_1_116' title='bbox 1375 3158 1706 3234; x_wconf 89' lang='lat' dir='ltr'><strong>denarios</strong></span> <span class='ocrx_word' id='word_1_117' title='bbox 1740 3182 1885 3231; x_wconf 93' lang='lat' dir='ltr'><strong>non</strong></span> <span class='ocrx_word' id='word_1_118' title='bbox 1922 3157 2137 3233; x_wconf 91' lang='lat' dir='ltr'><strong>habet</strong></span> <span class='ocrx_word' id='word_1_119' title='bbox 2173 3157 2497 3256; x_wconf 85' lang='lat' dir='ltr'><strong>pontifex</strong></span> <span class='ocrx_word' id='word_1_120' title='bbox 2531 3187 2547 3233; x_wconf 75' lang='grc' dir='ltr'>ε</span> 
     </span>
    </p>

    <p class='ocr_par' dir='ltr' id='par_1_14' title="bbox 1174 3274 2644 3489">
     <span class='ocr_line' id='line_1_30' title="bbox 1273 3274 2644 3374; baseline -0.001 -23"><span class='ocrx_word' id='word_1_121' title='bbox 1273 3299 1482 3351; x_wconf 87' lang='lat' dir='ltr'><strong>suum</strong></span> <span class='ocrx_word' id='word_1_122' title='bbox 1516 3274 1964 3349; x_wconf 88' lang='lat' dir='ltr'><strong>mendacium</strong></span> <span class='ocrx_word' id='word_1_123' title='bbox 2001 3283 2216 3372; x_wconf 87' lang='lat' dir='ltr'><strong>atque</strong></span> <span class='ocrx_word' id='word_1_124' title='bbox 2253 3275 2644 3374; x_wconf 62' lang='lat' dir='ltr'><strong>perjurium</strong></span> 
     </span>
     <span class='ocr_line' id='line_1_31' title="bbox 1174 3391 2581 3489; baseline 0 -25"><span class='ocrx_word' id='word_1_125' title='bbox 1174 3398 1464 3466; x_wconf 85' lang='lat' dir='ltr'><strong>vertunt</strong></span> <span class='ocrx_word' id='word_1_126' title='bbox 1497 3392 1569 3466; x_wconf 93' lang='lat' dir='ltr'><strong>in</strong></span> <span class='ocrx_word' id='word_1_127' title='bbox 1607 3391 1855 3466; x_wconf 91' lang='lat' dir='ltr'><strong>odium</strong></span> <span class='ocrx_word' id='word_1_128' title='bbox 1887 3416 2107 3489; x_wconf 89' lang='lat' dir='ltr'><strong>super</strong></span> <span class='ocrx_word' id='word_1_129' title='bbox 2139 3391 2581 3489; x_wconf 82' lang='lat' dir='ltr'><strong>episcopum.</strong></span> 
     </span>
    </p>

    <p class='ocr_par' dir='ltr' id='par_1_15' title="bbox 1174 3506 2385 3720">
     <span class='ocr_line' id='line_1_32' title="bbox 1272 3506 2357 3582; baseline -0.002 0"><span class='ocrx_word' id='word_1_130' title='bbox 1272 3512 1372 3582; x_wconf 93' lang='lat' dir='ltr'><strong>De</strong></span> <span class='ocrx_word' id='word_1_131' title='bbox 1409 3507 1555 3580; x_wconf 93' lang='lat' dir='ltr'><strong>suis</strong></span> <span class='ocrx_word' id='word_1_132' title='bbox 1593 3507 1808 3580; x_wconf 90' lang='lat' dir='ltr'><strong>etiam</strong></span> <span class='ocrx_word' id='word_1_133' title='bbox 1845 3506 2045 3581; x_wconf 88' lang='lat' dir='ltr'><strong>iratis</strong></span> <span class='ocrx_word' id='word_1_134' title='bbox 2082 3506 2357 3581; x_wconf 86' lang='lat' dir='ltr'><strong>civibus</strong></span> 
     </span>
     <span class='ocr_line' id='line_1_33' title="bbox 1174 3622 2385 3720; baseline 0.001 -25"><span class='ocrx_word' id='word_1_135' title='bbox 1174 3622 1657 3698; x_wconf 87' lang='lat' dir='ltr'><strong>infidelitatem</strong></span> <span class='ocrx_word' id='word_1_136' title='bbox 1694 3622 1945 3697; x_wconf 84' lang='lat' dir='ltr'><strong>suffert</strong></span> <span class='ocrx_word' id='word_1_137' title='bbox 1979 3623 2385 3720; x_wconf 81' lang='lat' dir='ltr'><strong>episeopus.</strong></span> 
     </span>
    </p>

    <p class='ocr_par' dir='ltr' id='par_1_16' title="bbox 1269 3738 2898 3838">
     <span class='ocr_line' id='line_1_34' title="bbox 1269 3738 2898 3838; baseline 0 -24"><span class='ocrx_word' id='word_1_138' title='bbox 1269 3739 1532 3814; x_wconf 88' lang='lat' dir='ltr'><strong>Suffert</strong></span> <span class='ocrx_word' id='word_1_139' title='bbox 1566 3738 1760 3838; x_wconf 89' lang='lat' dir='ltr'><strong>quod</strong></span> <span class='ocrx_word' id='word_1_140' title='bbox 1797 3747 2044 3812; x_wconf 81' lang='lat' dir='ltr'><strong>eontra</strong></span> <span class='ocrx_word' id='word_1_141' title='bbox 2083 3763 2160 3812; x_wconf 91' lang='lat' dir='ltr'><strong>se</strong></span> <span class='ocrx_word' id='word_1_142' title='bbox 2196 3738 2418 3813; x_wconf 89' lang='lat' dir='ltr'><strong>curtis</strong></span> <span class='ocrx_word' id='word_1_143' title='bbox 2455 3739 2898 3838; x_wconf 84' lang='lat' dir='ltr'><strong>prepositum</strong></span> 
     </span>
    </p>
   </div>
   <div class='ocr_carea' id='block_1_11' title="bbox 877 3994 3008 4425">
    <p class='ocr_par' dir='ltr' id='par_1_17' title="bbox 877 3994 3008 4425">
     <span class='ocr_line' id='line_1_35' title="bbox 951 3994 3008 4071; baseline 0.001 -19"><span class='ocrx_word' id='word_1_144' title='bbox 951 3996 1002 4052; x_wconf 83' lang='lat'><strong>1.</strong></span> <span class='ocrx_word' id='word_1_145' title='bbox 1043 3994 1350 4053; x_wconf 86' lang='lat' dir='ltr'><strong>Bandouin</strong></span> <span class='ocrx_word' id='word_1_146' title='bbox 1379 3996 1486 4069; x_wconf 85' lang='lat' dir='ltr'><strong>IV,</strong></span> <span class='ocrx_word' id='word_1_147' title='bbox 1528 4004 1716 4055; x_wconf 78' lang='lat' dir='ltr'><strong>comte</strong></span> <span class='ocrx_word' id='word_1_148' title='bbox 1746 3995 1819 4053; x_wconf 89' lang='lat' dir='ltr'><strong>de</strong></span> <span class='ocrx_word' id='word_1_149' title='bbox 1847 3994 2136 4067; x_wconf 83' lang='lat' dir='ltr'><strong>Hainaut,</strong></span> <span class='ocrx_word' id='word_1_150' title='bbox 2178 3996 2279 4069; x_wconf 86' lang='lat' dir='ltr'><strong>qui</strong></span> <span class='ocrx_word' id='word_1_151' title='bbox 2319 3997 2475 4054; x_wconf 77' lang='lat' dir='ltr'><strong>avait</strong></span> <span class='ocrx_word' id='word_1_152' title='bbox 2511 3995 2673 4071; x_wconf 73' lang='lat' dir='ltr'><strong>prete</strong></span> <span class='ocrx_word' id='word_1_153' title='bbox 2712 4013 2948 4056; x_wconf 79' lang='lat' dir='ltr'><strong>secours</strong></span> <span class='ocrx_word' id='word_1_154' title='bbox 2973 3996 3008 4054; x_wconf 70' lang='lat' dir='ltr'><strong>a</strong></span> 
     </span>
     <span class='ocr_line' id='line_1_36' title="bbox 877 4083 3001 4160; baseline 0 -18"><span class='ocrx_word' id='word_1_155' title='bbox 877 4083 1095 4142; x_wconf 75' lang='lat' dir='ltr'><strong>Germ-d</strong></span> <span class='ocrx_word' id='word_1_156' title='bbox 1123 4084 1269 4142; x_wconf 81' lang='lat' dir='ltr'><strong>dans</strong></span> <span class='ocrx_word' id='word_1_157' title='bbox 1297 4084 1569 4160; x_wconf 79' lang='lat' dir='ltr'><strong>l’attaque</strong></span> <span class='ocrx_word' id='word_1_158' title='bbox 1597 4085 1675 4142; x_wconf 90' lang='lat' dir='ltr'><strong>du</strong></span> <span class='ocrx_word' id='word_1_159' title='bbox 1705 4084 2278 4143; x_wconf 77' lang='lat' dir='ltr'><strong>Cateau-Cambresis</strong></span> <span class='ocrx_word' id='word_1_160' title='bbox 2306 4087 2536 4152; x_wconf 78' lang='lat' dir='ltr'><strong>(Chron.</strong></span> <span class='ocrx_word' id='word_1_161' title='bbox 2569 4087 2629 4144; x_wconf 90' lang='lat' dir='ltr'><strong>S.</strong></span> <span class='ocrx_word' id='word_1_162' title='bbox 2658 4088 2860 4154; x_wconf 72' lang='lat' dir='ltr'><strong>Andr„</strong></span> <span class='ocrx_word' id='word_1_163' title='bbox 2892 4085 3001 4159; x_wconf 89' lang='grc' dir='ltr'>ΙΙΙ,</span> 
     </span>
     <span class='ocr_line' id='line_1_37' title="bbox 878 4173 3004 4337; baseline 0.002 -19"><span class='ocrx_word' id='word_1_164' title='bbox 878 4173 1234 4320; x_wconf 51' lang='grc' dir='ltr'><strong>39’2.Ρῦῗῗίἓὲ</strong></span> <span class='ocrx_word' id='word_1_165' title='bbox 1258 4263 1329 4321; x_wconf 84' lang='lat' dir='ltr'><strong>do</strong></span> <span class='ocrx_word' id='word_1_166' title='bbox 1358 4263 1536 4335; x_wconf 88' lang='lat' dir='ltr'><strong>Chin,</strong></span> <span class='ocrx_word' id='word_1_167' title='bbox 1574 4263 1717 4321; x_wconf 85' lang='lat' dir='ltr'><strong>dont</strong></span> <span class='ocrx_word' id='word_1_168' title='bbox 1752 4264 1799 4320; x_wconf 91' lang='lat' dir='ltr'><strong>il</strong></span> <span class='ocrx_word' id='word_1_169' title='bbox 1840 4280 1968 4321; x_wconf 85' lang='lat' dir='ltr'><strong>sera</strong></span> <span class='ocrx_word' id='word_1_170' title='bbox 2006 4261 2162 4337; x_wconf 80' lang='lat' dir='ltr'><strong>parle</strong></span> <span class='ocrx_word' id='word_1_171' title='bbox 2198 4264 2328 4336; x_wconf 88' lang='lat' dir='ltr'><strong>plus</strong></span> <span class='ocrx_word' id='word_1_172' title='bbox 2367 4264 2744 4337; x_wconf 83' lang='lat' dir='ltr'><strong>longuement</strong></span> <span class='ocrx_word' id='word_1_173' title='bbox 2771 4264 2916 4322; x_wconf 77' lang='lat' dir='ltr'><strong>dans</strong></span> <span class='ocrx_word' id='word_1_174' title='bbox 2946 4263 3004 4322; x_wconf 84' lang='lat' dir='ltr'><strong>la</strong></span> 
     </span>
     <span class='ocr_line' id='line_1_38' title="bbox 883 4351 2349 4425; baseline 0.001 -17"><span class='ocrx_word' id='word_1_175' title='bbox 883 4351 991 4409; x_wconf 85' lang='lat' dir='ltr'><strong>Vie</strong></span> <span class='ocrx_word' id='word_1_176' title='bbox 1019 4351 1091 4409; x_wconf 85' lang='lat' dir='ltr'><strong>de</strong></span> <span class='ocrx_word' id='word_1_177' title='bbox 1119 4351 1349 4409; x_wconf 86' lang='lat' dir='ltr'><strong>Nicolas</strong></span> <span class='ocrx_word' id='word_1_178' title='bbox 1379 4363 1588 4425; x_wconf 87' lang='lat' dir='ltr'><strong>(comp.</strong></span> <span class='ocrx_word' id='word_1_179' title='bbox 1621 4354 1760 4411; x_wconf 60' lang='grc' dir='ltr'><strong>θαι.</strong></span> <span class='ocrx_word' id='word_1_180' title='bbox 1793 4355 2030 4421; x_wconf 78' lang='lat' dir='ltr'><strong>Nicocai,</strong></span> <span class='ocrx_word' id='word_1_181' title='bbox 2066 4360 2167 4410; x_wconf 85' lang='lat' dir='ltr'><strong>str.</strong></span> <span class='ocrx_word' id='word_1_182' title='bbox 2204 4353 2349 4419; x_wconf 74' lang='lat'><strong>124).</strong></span> 
     </span>
    </p>
   </div>
  </div>
 </body>
</html>
