3558 5493
887 590 906 645 1
920 591 976 645 16
1840 592 2048 646 cusu

882 752 927 801 a
985 727 1125 802 Deo
1190 730 1672 804 denuntiamus
1727 738 2159 826 vestramque
2217 730 2644 805 dilectionem
2706 732 3001 806 dulciter

877 868 1366 920 commonemus
1403 855 1482 919 at
1521 848 1596 919 in
1643 845 1881 921 diebus
1915 847 2168 919 vestris
2202 844 2486 920 Domino
2523 849 2897 921 servientes
2933 859 3000 920 et

874 960 1250 1036 catholicae
1287 962 1660 1036 aecclesiae
1693 971 1950 1036 statam
1975 964 2420 1053 sustinentes,
2451 984 2693 1037 sacras
2728 974 2999 1039 saneto-

873 1100 1030 1151 rum
1055 1086 1338 1175 patrum
1372 1080 1756 1176 sequamini
1793 1078 2227 1153 traditiones.
2271 1078 2410 1153 Nos
2442 1102 2602 1153 vero
2630 1103 2816 1153 more
2833 1103 2998 1178 pre-

873 1193 1303 1268 decessorum
1338 1203 1723 1269 nostrorum
1758 1194 1947 1269 vobis
1970 1197 2150 1293 jura
2182 1205 2418 1269 vestra
2453 1195 2734 1292 beniqne
2762 1195 2997 1269 reddi-

869 1332 1024 1383 mus
1067 1319 1466 1408 vestrasque
1517 1312 1884 1385 canonicas
1931 1311 2455 1385 eonsuetudines
2490 1311 2704 1409 plane
2764 1334 2998 1385 conee-

872 1424 1099 1499 dimus
1155 1435 1224 1499 et
1279 1426 1405 1499 sub
1456 1425 1889 1501 anathemate
1948 1427 2456 1523 confirmamus.
2524 1426 2996 1501 Promittimus

871 1541 1080 1614 etiam
1107 1540 1570 1639 paternaliter
1603 1566 1723 1616 vos
1761 1552 2064 1618 tractare
2107 1552 2177 1617 et
2216 1566 2451 1617 amare
2494 1566 2741 1640 resque
2781 1542 2996 1616 ecele-

868 1657 1190 1732 siastieas
1206 1715 1225 1747 ,
1267 1668 1476 1756 prout
1511 1658 1697 1734 Deus
1743 1659 2101 1734 donaverit
2118 1715 2138 1748 ,
2187 1659 2477 1734 libenter
2522 1668 2987 1756 auymentare.

869 1772 1082 1872 Cujus
1145 1773 1636 1872 promissionis
1699 1773 1993 1849 donaria
2053 1798 2193 1872 pro
2256 1772 2651 1848 ordinanda
2720 1773 2993 1847 ratione

870 1886 1156 1963 decrevi
1208 1889 1653 1965 manifestare
1702 1890 1773 1963 in
1829 1898 2153 1965 extremo
2206 1888 2584 1964 dictamine
2638 1887 2995 1987 presentis

869 2003 1224 2103 hystoriae
1269 2032 1284 2078 ε
1337 2005 1580 2103 presul
1627 2013 1865 2080 autem
1910 2003 2003 2079 ad
2040 2003 2238 2103 quod
2273 2003 2634 2079 interdum
2671 2005 2994 2079 laborare

867 2119 1140 2209 nititur,
1184 2130 1604 2195 conservato
1639 2119 1895 2195 ordine
1931 2145 2095 2196 ecce
2131 2121 2764 2196 demonstrabitur.

962 2240 1044 2306 4.
1100 2241 1377 2311 Intrans
1421 2237 1611 2311 enim
1659 2237 2060 2336 pontificale
2105 2237 2487 2335 palacium,
2545 2237 2636 2313 de
2679 2237 2992 2337 propriis

867 2351 1435 2451 possessionibus
1472 2351 1572 2427 sic
1611 2351 1880 2427 invenit
1916 2376 2219 2427 vacuum
2257 2352 2450 2450 quod
2489 2376 2654 2428 cum
2689 2353 2986 2440 clericis,

865 2490 1030 2542 cum
1083 2467 1458 2557 militibus,
1501 2491 1667 2542 cum
1711 2467 1996 2542 famulis
2043 2467 2142 2541 ita
2196 2467 2439 2542 vivere
2484 2493 2627 2542 non
2677 2476 2984 2569 poterat,

864 2583 1047 2657 sicut
1065 2583 1227 2682 jure
1256 2592 1329 2657 et
1358 2583 1870 2660 consuetudine
1895 2583 2485 2683 predecessorum
2512 2584 2756 2660 vivere
2784 2584 2991 2661 dece-

864 2697 987 2773 bat
1003 2698 1446 2800 episcopum.
1464 2704 1659 2790 Jura,
1688 2699 1947 2777 domus
1961 2708 2035 2777 et
2055 2701 2544 2800 possessiones
2567 2725 2708 2799 que
2727 2700 2893 2792 sint,
2917 2709 2990 2776 et

864 2815 1225 2913 quomodo
1263 2816 1500 2890 omnia
1537 2817 1874 2892 collocata
1911 2816 2332 2907 consistant,
2374 2817 2616 2916 presul
2653 2816 2990 2892 sollicitus

861 2930 1262 3031 investigat,
1291 2933 1454 3031 quia
1483 2932 1822 3009 distracta
1836 2941 1912 3009 et
1926 2933 2247 3033 dispersa
2265 2932 2656 3008 reformare
2678 2942 2751 3008 et
2761 2934 2988 3009 recol-

861 3046 1077 3148 ligere
1105 3048 1177 3123 in
1207 3074 1335 3124 sua
1363 3050 1753 3125 sacratione
1774 3050 2230 3149 promiserat.
2263 3049 2380 3126 Sui
2400 3074 2705 3149 namque
2732 3050 2989 3149 prede-

861 3187 1183 3239 cessores
1210 3164 1551 3264 episcopi,
1577 3165 1690 3240 alii
1719 3191 1852 3266 per
1879 3166 2263 3256 levitatem,
2290 3166 2406 3239 alii
2426 3190 2557 3265 per
2575 3166 2980 3256 amicitiam,

859 3279 975 3353 alii
996 3305 1129 3379 per
1152 3281 1669 3370 necessitatem,
1697 3281 1831 3357 hec
1855 3290 1929 3357 et
1956 3282 2070 3357 illa
2107 3282 2569 3372 donaverant,
2598 3280 2730 3357 hec
2764 3291 2838 3356 et
2872 3281 2987 3356 illa

860 3393 1350 3484 vendiderant,
1375 3403 1448 3468 et
1459 3395 1799 3494 pleraque
1817 3396 1948 3471 alia
1965 3397 2035 3471 in
2052 3396 2538 3472 vadimonium
2549 3405 2937 3495 posuerant
2964 3424 2979 3470 z

860 3508 1061 3584 villas
1084 3508 1374 3599 scilicet,
1402 3508 1979 3602 dominicaturas,
2013 3512 2254 3601 silvas,
2291 3537 2512 3610 aquas
2542 3511 2977 3611 piscatoriaS,

861 3631 1090 3699 terras
1125 3625 1427 3699 arabiles
1443 3682 1462 3714 ,
1505 3635 1917 3725 ceterasque
1954 3628 2440 3727 possessiones
2456 3685 2473 3716 ,
2517 3652 2694 3725 quas
2730 3626 2983 3727 injuste

859 3748 1377 3838 occupaverant
1413 3742 1628 3816 casati
1665 3745 2208 3831 cameracenses
2257 3751 2331 3817 et
2366 3741 2659 3841 quidam
2695 3742 2977 3817 milites.

859 3857 1187 3930 Ceterum
1237 3856 1574 3956 quicquid
1624 3858 2001 3958 episcopus
2045 3859 2138 3935 ad
2185 3882 2503 3933 mensam
2552 3881 2753 3933 suam
2794 3856 2984 3957 juste

859 3970 1284 4069 pertinuisse
1321 3970 1590 4063 didicit,
1632 3974 2022 4050 auxiliante·
2036 3978 2182 4048 Deo
2208 3998 2301 4049 ex
2329 3971 2571 4050 curiali
2590 3971 2855 4072 judicio
2891 3971 2981 4045 ad
3066 3983 3073 3992 ’

859 4110 936 4161 se
972 4087 1269 4163 retraxit
1305 4097 1377 4163 et
1410 4088 1662 4164 tenuit.
1704 4089 2103 4166 Molendina
2136 4113 2312 4164 vero
2348 4098 2563 4188 atque
2590 4088 2973 4176 teloneum,

858 4226 1040 4299 quae
1077 4203 1306 4302 posita
1343 4204 1622 4280 fuerant
1655 4205 1729 4279 in
1755 4205 2265 4294 vadimonium,
2308 4205 2560 4280 videns
2597 4202 2791 4302 quod
2829 4203 2979 4277 sine

857 4318 1295 4395 redemtione
1331 4346 1473 4395 non
1502 4321 1767 4397 valeret
1797 4320 2166 4411 rehabere,
2207 4319 2691 4421 prestantibus
2724 4342 2979 4418 argen-
