3558 5493
973 1016 1116 1092 364

971 1486 1112 1558 365

967 1948 1108 2020 366

963 2411 1104 2482 367

959 2871 1099 2942 368

958 3331 1098 3403 369

956 3794 1096 3865 370

952 4256 1077 4328 371

1922 539 2128 591 GESTA

1436 801 1560 866 Dc
1608 813 2018 866 succursu
2063 797 2613 880 imperatoria.

1508 1024 1699 1094 Tunc
1732 1018 2037 1116 presulis
2072 1018 2580 1118 conquestibus

1407 1134 1798 1234 imperator
1834 1135 2178 1210 excitatus

1405 1275 1818 1327 succursum
1855 1250 2050 1325 misit
2086 1249 2416 1349 protinus

1406 1366 1498 1442 de
1534 1366 1885 1442 sexcentis
1920 1365 2288 1441 militibus.

1502 1484 1754 1558 Comes
1792 1482 1904 1556 ille
1941 1482 2372 1557 Lovanensis

1402 1596 1603 1697 prius
1638 1598 1983 1672 ducentos
2019 1597 2244 1672 tenuit

1401 1722 1475 1788 et
1509 1713 1830 1811 pontifex
1869 1713 2230 1813 Legiensis

1401 1839 1568 1928 post
1601 1830 1716 1904 hic
1752 1837 2109 1905 trecentos
2144 1828 2416 1905 habuit.

1497 1949 1659 2021 Mox
1694 1945 1989 2020 mandat
2023 1970 2149 2019 rex
2190 1970 2267 2021 se
2306 1943 2546 2019 venire

1401 2070 1612 2159 atque
1648 2061 1812 2136 urbi
1849 2085 2291 2150 succurrere,

1401 2175 1621 2250 immo
1656 2176 2049 2251 Robertum
2085 2175 2450 2251 Flandriae

1398 2291 1694 2366 viriliter
1729 2290 2100 2390 repellere.

1494 2406 1633 2482 Sed
1671 2431 2009 2482 succursu
2044 2406 2180 2480 hoc
2215 2430 2543 2507 regresso

1396 2522 1906 2621 expectabatur
1939 2522 2174 2597 denuo

1396 2637 1488 2711 ab
1524 2637 1661 2712 isto
1699 2662 1926 2735 parvo
1964 2637 2233 2736 populo

1394 2752 1697 2828 civitatis
1732 2751 2065 2851 perditio,

1491 2866 1677 2943 Urbs
1711 2867 1902 2941 enim
1940 2874 2048 2941 est
2085 2864 2541 2963 pauperrima

1393 2981 1485 3056 de
1521 2981 1754 3079 plebe,
1798 2979 1889 3054 de
1926 2979 2199 3067 militia,

1393 3104 1466 3173 et
1501 3096 1774 3171 eisdem
1812 3119 1953 3169 non
1992 3094 2239 3169 aderat

1390 3212 1813 3285 alterutrum
1850 3209 2121 3284 fidutia.

1488 3329 1662 3400 Nam
1700 3325 1991 3424 quidam
2029 3323 2270 3398 dicunt
2308 3323 2611 3397 invicem
2656 3348 2674 3395 t

1394 3441 1541 3518 Cur
1567 3444 1879 3540 patimur
1919 3440 2190 3536 lonqam
2225 3440 2556 3515 mortem?

1389 3558 1819 3656 Recipiamus
1854 3557 2157 3629 comitem

1390 3683 1458 3747 et
1494 3672 1861 3746 habeamus
1897 3671 2225 3768 requiem.

1488 3792 1636 3862 Hoc
1670 3787 1863 3863 cives
1898 3786 2074 3859 moti
2111 3784 2331 3860 dubio

1388 3903 1802 4004 quesierunt
1835 3901 2176 4001 episcopo

1386 4019 1725 4095 Galchero
1762 4043 1893 4092 suo
1931 4016 2222 4093 domino

1387 4142 1466 4208 ut
1501 4158 1636 4233 pro
1672 4132 1991 4233 ejusdem
2032 4128 2409 4205 commodo

1483 4274 1731 4325 omnes
1766 4249 1925 4324 illos
1964 4244 2437 4322 communiter
