3558 5493
903 530 962 581 94

908 893 1050 961 533

904 1351 1047 1427 534

904 1814 1044 1883 535

904 2279 1046 2348 536

907 2742 1045 2811 537

900 3202 1041 3271 538

752 3747 762 3758 ,
901 3645 1042 3733 53'9

899 4120 1041 4194 540

1858 525 2067 578 cusu

1339 657 1411 731 in
1447 656 1792 745 turribus,
1836 656 1909 730 in
1945 655 2223 756 angulis

1340 771 1722 869 multisque
1759 771 2201 846 diversoriis.

1440 889 1529 960 Se
1565 884 2010 960 abscondunt
2044 894 2118 961 et
2151 884 2468 987 virgines

1341 1025 1523 1099 quae
1558 1010 1900 1076 verentur
1934 1010 2043 1075 tot
2075 1000 2335 1078 milites

1341 1117 1764 1192 Alemannos
1798 1125 1870 1192 et
1907 1117 2311 1206 Sclavones‚

1338 1232 1804 1334 Lot-haringos
1839 1242 1913 1308 et
1949 1236 2291 1309 Saxones.

1438 1349 1762 1449 Suscepit
1797 1374 2044 1449 regem
2079 1358 2329 1449 postea

1341 1461 1757 1538 clericorum
1793 1488 1964 1562 pars
1999 1464 2218 1538 altera

1339 1603 1521 1676 quae
1558 1602 1921 1677 nunquam
1957 1603 2049 1653 ex
2085 1579 2428 1654 industria

1339 1694 1468 1768 fuit
1503 1693 1595 1767 illi
1634 1693 2015 1769 contraria.

1437 1814 1606 1884 Erat
1641 1834 1805 1883 cum
1842 1809 2001 1908 ipso
2038 1836 2278 1887 cesare

1338 1925 1719 2000 Galcherus
1754 1926 2167 2016 honorifice,

1339 2041 1599 2115 sodalis
1636 2066 1804 2116 suae
1841 2042 2137 2142 gratiae,

1341 2182 1633 2232 consors
1669 2182 1838 2232 suae
1874 2157 2204 2233 familiae.

1438 2273 1628 2347 Fecit
1663 2296 1838 2373 ergo
1875 2298 2006 2349 rex
2042 2273 2352 2349 edictum

1343 2414 1474 2488 per
1510 2388 1829 2463 Galcheri
1866 2389 2235 2465 consilium

1338 2512 1418 2579 ut
1451 2503 1689 2577 veniat
1725 2529 1907 2604 grex
1944 2505 2033 2580 ad
2072 2530 2238 2581 eum

1338 2628 1738 2695 casatorum
1774 2629 1845 2695 et
1883 2620 2170 2696 civium.

1439 2740 1795 2814 Venerunt
1835 2736 2125 2836 quidem
2160 2746 2323 2814 ante
2359 2765 2437 2814 se

1339 2877 1479 2928 non
1518 2853 1859 2928 audentes
1895 2853 2279 2944 dimittere,

1334 2970 1659 3067 quamvis
1693 2978 1945 3069 putent
1982 2971 2373 3046 certissime

1334 3084 1554 3159 vitam
1590 3084 1705 3159 vel
1744 3084 2065 3160 membra
2102 3087 2430 3188 perdere.

1434 3200 1702 3291 Quibus
1738 3210 1899 3275 ante
1936 3203 2385 3301 presentibus

1336 3341 1467 3390 rex
1505 3317 1714 3391 nimis
1749 3317 1930 3392 dure
1967 3318 2280 3417 loquitur
2324 3347 2339 3393 :

1335 3432 1642 3531 appellat
1677 3432 1834 3507 illos
1870 3434 2157 3533 gravius

1339 3548 1430 3622 de
1467 3550 1742 3649 magnis
1777 3551 2230 3641 facinoribus,

1435 3663 1677 3738 dicens
1720 3692 1736 3738 ε
1794 3664 1919 3741 Vos
1956 3670 2091 3742 mei
2126 3667 2455 3760 homines,

1335 3781 1606 3875 perjuri
1641 3782 2108 3871 incredibiles,

1332 3914 1457 3967 cur
1493 3898 1703 3992 aqitis
1738 3922 1852 3971 res
1891 3909 2032 3972 tam
2069 3910 2329 3997 turpes,

1331 4010 1711 4100 inauditas,
1756 4012 2174 4089 horribiles?

1437 4125 1572 4213 Qui
1607 4132 1903 4203 omnium
1939 4131 2312 4205 dissimiles

1333 4241 1686 4316 instruitis
1722 4270 1934 4320 novas
1975 4247 2158 4344 leqes
