3558 5493
1446 549 1723 602 mcoul.
2549 550 2636 601 22¹

531 683 677 761 332
1066 684 1189 760 ubi
1227 684 1435 759 vitat¹
1477 684 1722 786 litigia,

967 798 1090 875 ubi
1126 807 1453 900 expectat
1490 801 1726 874 omnia

966 939 1148 1014 quae
1184 916 1557 991 conferunt
1590 914 1976 990 certamina

968 1033 1258 1131 Symon,
1300 1056 1567 1120 comes,
1608 1029 2034 1105 communia.

533 1148 672 1218 333
1065 1150 1351 1244 Spectat
1385 1146 1511 1221 Dei
1546 1146 1982 1221 voluntatem

969 1267 1180 1358 atque
1215 1260 1806 1351 misericordiam,

960 1375 1330 1475 judicium,
1364 1377 1721 1478 justiciam

971 1518 1013 1565 a
1046 1493 1346 1568 Domino
1382 1493 1829 1592 dispositam.

536 1606 679 1682 334
1068 1610 1429 1684 Formidat
1462 1609 1653 1684 enim
1688 1607 1881 1706 apud
1917 1633 1996 1683 se

970 1724 1150 1799 hanc
1184 1725 1499 1800 radicem
1535 1723 1925 1800 discordiae

973 1838 1106 1913 hac
1139 1839 1212 1914 in
1247 1848 1438 1914 terra
1475 1848 1706 1914 ortam
1741 1864 1899 1914 esse

973 1980 1110 2055 pro
1144 1955 1539 2053 aliquorum
1575 1954 1899 2031 crimine.

539 2073 678 2145 335
1071 2072 1240 2162 Quis
1274 2072 1410 2146 hoc
1447 2072 1767 2171 peccavit
1802 2070 2066 2159 nescio,

973 2185 1101 2261 sed
1134 2188 1270 2262 hoc
1306 2197 1551 2287 aperte
1585 2187 1797 2262 video

971 2302 1166 2400 quod
1202 2303 1458 2379 crescit
1490 2303 1854 2379 tribulatio

974 2425 1049 2491 et
1082 2419 1354 2515 patriae
1390 2417 1806 2494 destructio,

540 2533 682 2605 336
1073 2537 1221 2623 Qua
1257 2544 1616 2609 crescente
1652 2533 2006 2610 discordia

973 2648 1202 2749 major
1238 2650 1530 2725 crescit²
1567 2652 1855 2740 malitia,

974 2788 1118 2838 non
1153 2765 1406 2841 leviter
1441 2764 1958 2864 compescenda

977 2878 1110 2953 nisi
1141 2884 1327 2955 Deus
1361 2881 1540 2954 hanc
1577 2887 2007 2979 compescat.

542 2997 682 3068 337
1074 3001 1251 3071 Nam
1287 3021 1418 3095 per
1452 2996 1678 3071 malos
1716 2996 2121 3071 turbatores

977 3111 1158 3185 fiunt
1192 3111 1378 3187 inter
1414 3137 1491 3186 se
1528 3111 1895 3186 discordes

976 3234 1303 3324 potentes
1339 3227 1482 3301 duo
1519 3228 1880 3325 principes

975 3341 1421 3417 Flandrensis
1456 3351 1530 3418 et
1563 3343 1817 3420 Montis
1851 3366 2117 3417 comes.

544 3460 685 3530 338
1077 3458 1280 3548 Quod
1316 3457 1605 3556 quidem
1641 3459 1835 3533 cives
1871 3455 2236 3532 stimulant

980 3581 1054 3647 et
1086 3573 1461 3648 hortantur
1496 3582 1569 3648 et
1602 3574 1893 3649 incitant

980 3688 1164 3763 inter
1198 3714 1323 3764 eos
1358 3700 1429 3765 et
1465 3689 1825 3788 presulem

980 3813 1277 3905 propter
1314 3804 1713 3904 predictum
1747 3808 2161 3904 Symonem.

542 4047 723 4091 avons
748 4048 825 4090 vu
854 4032 985 4108 plus
1012 4033 1157 4091 haut
1181 4033 1321 4109 qu'il
1350 4034 1436 4109 s’y
1463 4034 1603 4092 etait
1630 4034 1801 4092 retii-e
1827 4033 1954 4106 dei&
1983 4032 2128 4093 dans
2163 4046 2281 4089 une
2317 4044 2658 4088 occurrence

543 4121 824 4194 analogue
853 4122 1061 4196 (comp5
1090 4122 1222 4197 plus
1250 4124 1392 4182 haut
1417 4132 1519 4182 str.
1552 4125 1660 4195 51).
1723 4152 1737 4162 ·

617 4211 668 4266 1.
709 4214 871 4267 vitat.
903 4211 1065 4268 Dans
1092 4210 1147 4269 le
1172 4229 1285 4271 ms.
1314 4216 1497 4270 vittat.
1867 4200 1883 4213 ’

614 4297 668 4355 2.
708 4303 920 4355 crescit.
954 4300 1114 4358 Dans
1143 4299 1196 4359 le
1222 4317 1332 4360 ms.
1365 4302 1666 4360 au·dessus
1694 4299 1766 4359 de
1797 4300 1855 4359 la
1884 4299 2059 4373 ligne.
