3558 5493
1378 594 1718 649 aucum.

928 734 1137 829 rogat
1169 728 1414 818 fidem,
1458 736 1977 805 sacramentum

929 851 1002 918 et
1037 843 1251 918 etiam
1285 844 1703 919 hominium.

488 957 635 1034 345
1027 958 1375 1056 Quicquid
1408 959 1590 1058 petit
1623 958 2002 1061 episeopus

927 1075 1094 1150 fecit
1127 1073 1362 1149 clerus
1398 1082 1472 1149 et
1506 1075 1816 1173 populus

929 1191 1066 1266 sibi
1102 1214 1346 1265 eoram
1379 1190 1821 1289 principibus

931 1305 1135 1381 nullis
1169 1305 1841 1382 contradicentibus.

490 1420 636 1496 346
1029 1421 1168 1496 Sed
1204 1420 1376 1520 quid
1415 1421 1651 1495 valent
1684 1422 1861 1497 haee
1895 1422 2088 1512 talia,

927 1544 1037 1610 tot
1073 1535 1340 1611 scilieet
1375 1545 1840 1625 sacramenta,

928 1676 1094 1727 eum
1129 1660 1327 1726 retro
1361 1651 1599 1726 dicant
1632 1652 1872 1727 omnia

928 1791 1068 1841 non
1108 1766 1359 1842 adesse
1393 1767 1687 1868 legalia?

490 1883 635 1958 347
1026 1886 1180 1957 Non
1218 1883 1410 1957 enim
1445 1884 1672 1983 magis
1707 1884 1872 1960 ideo

927 1997 1269 2075 Galchero
1308 2006 1474 2073 sunt
1509 1998 1847 2099 episeopo

927 2113 1341 2188 obedientes
1377 2113 1611 2188 animo

930 2252 1061 2303 nec
1095 2226 1340 2301 fideles
1378 2228 1448 2302 in
1487 2227 1749 2327 aliquo,

491 2342 632 2417 348
1027 2346 1084 2418 Ο
1122 2344 1302 2417 mira
1336 2369 1515 2444 gens
1551 2354 1624 2418 et
1658 2345 1996 2444 pessima,

929 2484 1111 2556 quae
1147 2468 1219 2533 te
1254 2468 1447 2534 tenet
1483 2460 1865 2550 dementia,

930 2597 1111 2670 quae
1149 2597 1293 2646 non
1331 2597 1575 2648 servas
1603 2575 2004 2673 juramenta

929 2710 1063 2765 nec
1098 2688 1403 2764 humana
1439 2714 1571 2765 nec
1607 2689 1864 2765 celica?

490 2805 632 2881 349
1025 2804 1097 2880 Si
1125 2804 1346 2879 'hodie
1382 2805 1796 2905 astringeris

927 2929 1534 2995 sacramentorum
1569 2919 1894 3011 vinculis,

929 3060 1087 3110 cras
1124 3034 1359 3123 exlex,
1403 3034 1844 3110 detestabilis

926 3160 1347 3227 mnotorum
1381 3175 1522 3226 non
1563 3151 1999 3227 memineris.

487 3270 632 3340 350
1025 3272 1326 3342 Tantum
1361 3292 1537 3367 ergo
1575 3266 1922 3342 nefarium

929 3392 1003 3457 et
1036 3390 1186 3456 tam
1214 3382 1548 3480 frequens
1583 3383 1978 3484 perjurium

927 3522 1072 3572 non
1111 3497 1391 3574 modiee
1427 3500 1898 3575 turbaverunt

926 3638 1226 3715 regnum
1265 3623 1337 3689 et
1374 3615 1876 3690 sacerdotium.

732 3838 961 3921 Quod
1014 3839 1438 3907 Robertus
1491 3855 1772 3907 eomes
1822 3841 2364 3909 mandrensls

887 3945 1533 4014 cameracenses
1577 3948 1826 4015 valde
1874 3947 2200 4016 afflixit.

485 4129 617 4200 35⁴
1024 4130 1170 4205 Sub
1207 4130 1328 4205 illo
1364 4131 1594 4206 enim¹
1637 4139 1968 4230 tempore

560 4340 611 4396 ¹.
652 4342 822 4398 mim.
854 4339 1019 4399 Dens
1044 4338 1099 4399 le
1124 4357 1234 4400 ms.
1267 4343 1573 4403 tta-dossas
1600 4341 1673 4403 de
1700 4342 1756 4402 la
1783 4342 1958 4417 ligne.

2547 600 2610 654 59
