3558 5493
864 578 953 632 102
1822 572 2030 626 mesu

1294 717 1371 785 et
1403 708 1645 784 electis
1680 707 2035 806 episeopis

1295 835 1374 901 ut
1407 825 1649 925 virgas
1685 822 1905 898 donet
1939 822 2217 897 annuit¹
2231 878 2249 897 .

856 943 999 1018 584
1388 939 1498 1017 Ad
1534 940 1672 1015 hoc
1701 948 1940 1014 autem
1978 937 2549 1014 conservandum

1292 1058 1556 1133 factum
1592 1065 1700 1132 est
1732 1056 2187 1157 privilegium

1291 1182 1365 1249 et
1398 1173 1732 1272 utrinque
1768 1174 2266 1248 confirmatum

1289 1312 1508 1388 super
1542 1313 1806 1387 eorpus
1844 1287 2304 1364 dominicum.

854 1411 997 1482 585
1389 1409 1543 1496 Quo
1579 1403 1816 1479 taliter
1850 1403 2248 1503 composito

1219 1621 1223 1624 Α
1289 1521 1373 1596 fit
1406 1520 1639 1619 prima
1674 1520 1852 1595 haec
1886 1518 2136 1618 petitio

1291 1637 1443 1736 regi
1479 1635 1570 1710 ab
1605 1635 1994 1733 apostolico

1290 1760 1370 1826 ut
1404 1752 1596 1825 bono
1632 1750 1787 1850 ejus
1822 1750 2058 1824 animo

854 1870 997 1940 586
1388 1864 1707 1940 Odonem
1738 1865 1977 1938 virum
2012 1864 2434 1963 simplicem,

1290 2004 1506 2079 quem
1543 1981 1805 2055 feeerat
1840 1979 2275 2079 pontificem,

1293 2095 1644 2194 reciperet
1679 2096 1752 2168 in
1786 2095 2148 2168 hominem

1290 2219 1507 2309 atque
1541 2212 1612 2285 in
1650 2234 1854 2285 suam
1889 2208 2217 2310 gratiam.

857 2331 996 2401 587
1392 2331 1540 2401 Hoc
1576 2327 1890 2425 primum
1922 2325 2386 2425 apostolieum

1291 2467 1423 2517 rex
1458 2442 1756 2542 diligens
1792 2442 2214 2540 obsequium

1292 2557 1415 2633 dat
1450 2557 1679 2633 Odoni
1715 2559 2153 2656 presulatum

1294 2672 1532 2748 statim
1568 2681 1736 2773 post
1769 2694 1979 2748 suum
2013 2673 2347 2748 reditum.

854 2791 993 2863 588
1388 2788 1517 2878 Qui
1555 2788 1708 2887 regi
1740 2790 1882 2864 fide
1916 2788 2244 2865 subditus

1288 2928 1452 2979 cum
1488 2905 1736 3004 legatis
1769 2904 2130 3007 regalibus

1289 3022 1741 3096 cameracum
1777 3020 2183 3121 regreditur

1289 3143 1362 3211 et
1397 3134 1733 3211 decenter
1765 3137 2132 3236 recipitur.

851 3253 992 3325 589
1384 3252 1801 3326 Tonitruum
1836 3252 2046 3352 hujus
2083 3252 2248 3329 facti

1286 3390 1419 3464 per
1453 3374 1686 3441 totum
1722 3366 1976 3441 orbem
2012 3369 2252 3443 sonuit

1289 3482 1380 3556 de
1412 3506 1555 3580 quo
1593 3490 1882 3581 stupent
1916 3483 2227 3559 universi

1286 3595 1740 3672 eeclesiarum
1776 3598 1928 3673 filii.

850 3714 991 3784 590
1383 3711 1724 3787 Mirantur
1760 3714 1896 3789 hoc
1932 3713 2297 3788 audientes

1288 3826 1594 3927 religiosi
1631 3829 1979 3927 presuleS‚

1288 3942 1709 4018 sanctissimi
1747 3954 1822 4019 et
1858 3944 2152 4019 abbates

1157 4085 1165 4106 ¹
1286 4059 1660 4157 cunctique
1696 4060 1942 4134 mundi
1981 4059 2297 4135 ordines,

921 4307 971 4361 1.
1013 4305 1095 4362 Le
1127 4306 1191 4363 12
1220 4306 1362 4364 avril
1393 4307 1525 4375 1111
1560 4307 1742 4381 (thia,
1777 4325 1836 4367 n.
1869 4306 2048 4378 4662).
