3558 5493
1011 583 1043 633 2
1964 583 2173 637 GBSTA

1449 715 1718 790 eisdem
1756 716 1891 791 sub
1924 716 2371 816 temporibus

1448 831 1721 906 clericis
1758 831 2327 907 discordantibus

1110 952 1153 1021 5
1547 947 1801 1022 cecidit
1834 949 2010 1023 haec
2045 947 2381 1022 aecclesia

1447 1071 1521 1137 et
1557 1064 1789 1138 omnis
1824 1063 1978 1163 ejus
2013 1063 2240 1163 gloria

1445 1202 1582 1278 pro
1614 1179 1903 1255 illorum
1936 1179 2231 1269 insania,

1444 1319 1582 1393 pro
1617 1295 1736 1369 lite
1772 1304 1848 1370 et
1882 1294 2263 1370 discordia.

1105 1415 1150 1484 6
1540 1414 1718 1486 Nam
1751 1419 1834 1485 ut
1868 1419 2080 1511 agant
2112 1410 2203 1485 ad
2239 1409 2519 1485 libitum

1445 1526 1689 1600 nolunt
1723 1525 1990 1600 habere
2022 1525 2420 1614 dominum,

1443 1665 1608 1717 cum
1642 1650 1810 1739 post
1843 1641 2239 1718 Gerardum
2274 1648 2637 1715 mortuum

1439 1757 1564 1831 vix
1600 1757 1863 1856 eligant
1894 1757 2339 1856 episcopum.

1100 1878 1146 1947 7
1542 1872 1614 1947 Si
1650 1873 1814 1947 hinc
1847 1897 2103 1948 accuso
2137 1873 2458 1963 clericos,

1442 2011 1584 2062 non
1620 1988 1784 2062 hinc
1818 2012 2082 2063 excuso
2118 1988 2360 2078 laicos,

1439 2127 1602 2178 cum
1637 2127 1927 2178 cernam
1963 2112 2044 2177 ut
2077 2103 2514 2179 scismaticos

1439 2244 1691 2294 omnes
1726 2244 1886 2295 esse
1921 2219 2345 2295 contrarios.

1099 2338 1143 2407 8
1536 2334 1738 2423 Quod
1775 2335 1967 2409 enim
2002 2337 2176 2410 haec
2207 2336 2500 2410 ecclesia

1436 2459 1545 2524 tot
1578 2450 1846 2548 patitur
1878 2449 2113 2540 exilia,

1435 2564 1631 2665 quod
1668 2573 1781 2639 est
1814 2565 2058 2640 ruinae
2095 2564 2335 2641 dedita

1436 2690 1510 2758 et
1541 2681 1614 2756 in
1650 2681 1901 2757 dolore
1934 2682 2193 2782 posita,

1096 2801 1141 2870 9
1534 2799 1671 2873 hoc
1701 2807 1814 2872 est
1847 2798 2114 2873 factum
2145 2825 2186 2873 a
2221 2797 2495 2873 clericis

1436 2921 1510 2987 et
1543 2913 1898 2989 universis
1935 2914 2156 3001 laicis,

1434 3055 1479 3103 a
1513 3029 1822 3104 dominis
1854 3038 1928 3104 et
1963 3029 2291 3117 servulis,

1432 3170 1477 3218 a
1510 3145 1900 3246 grandibus
1937 3155 2010 3219 et
2044 3144 2381 3219 minimis.

1049 3263 1140 3333 ⁴0
1534 3261 1674 3336 Sed
1709 3286 1800 3335 ex
1835 3260 2091 3360 majori
2124 3260 2386 3335 merito

1432 3375 1595 3450 hinc
1631 3375 1925 3450 clericos
1961 3375 2342 3475 redarguo,

1433 3516 1742 3591 quorum
1777 3490 1995 3566 debet
2030 3491 2325 3565 consilio

991 3710 1311 3784 provincial
1338 3710 1409 3769 de
1429 3711 1632 3769 Reims
1660 3729 1733 3770 on
1762 3727 1919 3771 mars
1950 3713 2108 3784 1093,
2140 3728 2216 3771 on
2247 3712 2316 3769 lit
2342 3726 2456 3786 que
2476 3708 2696 3767 Gerard
2714 3705 2774 3766 11
2801 3716 3035 3767 mourut
3061 3708 3115 3766 19

994 3800 1055 3856 11
1097 3805 1235 3858 aout
1273 3799 1411 3858 1092
1451 3801 1613 3873 (Gest.
1653 3803 1863 3869 Lamb„
1910 3819 1966 3875 p.
2009 3802 2154 3874 740).
2199 3801 2285 3857 La
2323 3802 2517 3856 meme
2559 3799 2691 3856 date
2728 3798 2804 3855 du
2840 3798 2991 3857 mois
3027 3805 3117 3855 est

990 3887 1262 3963 indiquee
1290 3888 1435 3946 dans
1465 3889 1520 3947 le
1548 3890 1849 3964 necrologe
1879 3890 1952 3948 de
1979 3889 2243 3964 l'abbaye
2271 3888 2343 3946 de
2376 3887 2557 3961 Femy
2587 3886 2755 3961 (Mon.
2787 3888 2969 3945 Germ.
3004 3886 3107 3944 SS.

992 3984 1033 4034 t.
1060 3977 1193 4044 VH,
1227 3995 1280 4051 p.
1316 3978 1442 4050 544,
1471 3987 1593 4035 not.
1627 3979 1737 4050 42).
1767 3979 1851 4036 Le
1881 3979 2182 4051 necrologe
2211 3976 2505 4034 d'Anchin
2535 3983 2593 4033 et
2621 3992 2768 4034 ceux
2797 3976 2870 4034 de
2897 3975 3115 4049 l’eglise

990 4065 1449 4139 metropolitaine
1478 4066 1550 4123 de
1577 4067 1976 4125 Notre-Dame
2004 4074 2063 4124 et
2091 4066 2161 4124 de
2186 4065 2409 4139 l'eglise
2433 4064 2511 4122 du
2537 4065 3015 4138 Saint-Sepulcre
3042 4064 3114 4122 de

988 4152 1251 4210 Cambrai
1291 4162 1599 4228 mat-quent
1639 4154 1693 4212 le
1736 4155 1804 4212 12
1849 4160 1986 4213 aout
2034 4155 2213 4226 (Ibid.,
2261 4170 2315 4226 p.
2350 4153 2483 4224 500,
2513 4159 2635 4211 not.
2670 4153 2760 4227 19,
2798 4160 2941 4226 etp.
2975 4152 3110 4225 544,

986 4248 1106 4299 not.
1140 4242 1257 4313 42„
1300 4242 1356 4300 la
1380 4242 1491 4300 Vie
1529 4244 1601 4301 de
1629 4243 1852 4301 Gerard
1886 4243 1974 4316 11,
2021 4243 2199 4301 ecrite
2234 4259 2336 4315 par
2370 4259 2453 4298 un
2488 4241 2642 4300 clerc
2676 4242 2748 4299 de
2783 4240 3001 4314 l’eglise
3037 4239 3109 4298 do

985 4328 1270 4402 Gambrai,
1300 4332 1730 4405 contemporain
1758 4332 1833 4389 de
1858 4332 2136 4406 l’evequo,
2169 4331 2224 4389 19
2251 4331 2315 4389 31
2342 4330 2536 4403 juillet
2564 4332 2748 4401 abia„
2783 4347 2841 4403 p.
2874 4329 3022 4400 500).
