3558 5493
913 567 929 615 1
946 566 1000 617 12
1710 562 1917 614 GESTA
1949 561 2211 614 omnus,

1003 712 1085 778 4.
1118 712 1242 778 De
1270 709 1778 792 depositione
1808 710 1895 776 et
1919 709 2183 777 morte
2213 708 2501 791 ipsius.
2525 701 2822 773 -Dum
2847 723 3019 774 vero

908 811 1200 886 haberet
1241 810 1631 884 maximum
1680 809 1994 884 studium
2030 808 2121 884 de
2169 810 2556 885 salvatione
2591 811 3013 900 animarum,

908 926 1036 1002 sed
1075 925 1280 1002 unde*
1309 925 1584 1000 viveret
1628 925 1896 999 nullum
1944 924 2343 1024 possideret
2378 925 2826 1015 beneficium,
2865 936 3021 1002 tan-

907 1042 1074 1118 dem
1100 1041 1194 1117 de
1215 1041 1494 1140 quesito
1512 1050 1586 1116 et
1602 1049 1892 1139 recepto
1920 1042 2198 1116 nescius
2215 1040 2701 1117 futurorumin
2724 1067 3020 1143 magnae

904 1158 1313 1233 offensionis
1356 1157 1609 1232 cecidit
1659 1156 2078 1256 periculum.
2130 1161 2236 1232 Ex
2279 1157 2416 1232 hoe
2460 1158 2649 1233 enim
2699 1158 2893 1256 quod
2929 1158 3019 1234 de

903 1299 1115 1349 manu
1187 1272 1639 1371 imperatoris
1708 1271 2296 1347 exeommunicati
2369 1273 2646 1373 virgam
2709 1273 3021 1373 suscepit

904 1389 1332 1488 pastoralem
1380 1398 1454 1463 et
1501 1411 1744 1475 eoram
1800 1387 2154 1485 episeopis
2203 1396 2278 1463 et
2329 1388 2769 1488 principibus
2816 1389 3018 1490 regni

899 1505 1062 1580 feeit
1093 1504 1233 1579 sibi
1268 1502 1704 1590 fidelitatem,
1754 1503 1956 1600 quasi
1990 1502 2265 1601 primus
2309 1505 2790 1602 prevaricator
2826 1529 3019 1580 sum-

904 1644 1102 1695 mum
1119 1618 1413 1694 offendit
1437 1618 1905 1693 sacerdotem.
1934 1622 2111 1692 Nam
2132 1618 2317 1692 inter
2334 1643 2594 1717 papam
2613 1628 2686 1693 et
2702 1643 3018 1695 cesarem

905 1738 974 1809 in
1011 1744 1333 1834 tempore
1368 1733 1487 1807 illo
1510 1743 1663 1809 erat
1690 1733 2046 1808 eontentio
2078 1733 2168 1807 de
2192 1734 2527 1832 pastorali
2554 1733 2803 1809 bamlo
2828 1744 2903 1809 et
2924 1734 3016 1810 de

903 1850 1097 1924 omni
1159 1849 1349 1923 dono
1406 1848 1901 1948 eeclesiastico.
1971 1851 2194 1938 Quem
2240 1848 2390 1947 jam
2457 1849 2612 1947 ipse
2671 1874 2858 1948 papa
2913 1850 3016 1926 sic

903 1974 1361 2064 superaverat
1409 1962 1603 2061 quod
1651 1964 1884 2037 nullus
1941 1963 2245 2061 amplius
2304 1964 2395 2039 de
2451 1965 2780 2040 manibus
2831 1965 3015 2041 illius

898 2079 1390 2156 investituram
1436 2078 1976 2152 eeclesiasticam
2027 2077 2348 2176 accipere
2393 2080 2873 2177 presumebat.
2927 2086 3016 2157 Et

903 2194 1237 2293 quoniam
1297 2193 1432 2267 iste
1486 2191 1640 2266 Odo
1704 2194 2108 2290 episeopus,
2177 2192 2460 2267 humilis
2520 2201 2593 2267 et
2658 2194 3007 2285 monuwa,

904 2318 1211 2385 sacratas
1240 2332 1493 2383 manus
1523 2307 1851 2382 manibus
1885 2308 2174 2382 heretici
2209 2316 2284 2382 et
2320 2309 2763 2385 anathemate
2799 2311 3015 2386 saeri-

900 2425 1036 2524 legi
1061 2425 1333 2524 polluit,
1355 2424 1497 2498 hoc
1520 2424 1759 2520 utique
1785 2446 1966 2521 papa
2002 2447 2138 2521 pro
2173 2424 2375 2522 gravi
2405 2433 2656 2500 tenens
2685 2451 3006 2517 excessu,

900 2540 1287 2640 epicopalia
1313 2539 1447 2614 sibi
1483 2549 1735 2613 macta
1756 2539 2144 2636 prohibuit.
2180 2539 2511 2615 Infirmus
2532 2542 2746 2617 morti
2768 2543 3013 2641 proxi-

905 2681 1062 2730 mus
1088 2665 1258 2730 tunc
1280 2655 1434 2754 ipse
1451 2653 1731 2755 jaeebat
1757 2654 2044 2753 quando
2073 2655 2147 2728 in
2168 2679 2332 2730 eum
2360 2656 2741 2756 apostoliea
2764 2683 3013 2759 super-

898 2771 1094 2847 venit
1164 2771 1533 2847 sententia.
1611 2772 1742 2862 Qui
1812 2770 2152 2847 obediens
2214 2776 2359 2846 Deo
2431 2781 2506 2848 et
2583 2775 2968 2872 apostolico
2984 2832 3004 2863 ,

897 2886 1272 2962 defunctus
1326 2896 1435 2961 est
1489 2886 1560 2960 in
1623 2886 2023 2962 obedientia
2037 2943 2057 2976 ‚
2126 2887 2443 2986 sepultus
2496 2888 2875 2965 honorifice
2936 2891 3009 2965 in

895 3001 1343 3100 Aquicinensi
1374 3002 1689 3078 eeclesia.

1141 3267 1517 3355 Explicit
1562 3273 1665 3339 de
1705 3274 1994 3364 *mne
2038 3273 2313 3342 odone
2365 3275 2754 3359 episeopo

1655 3377 2249 3486 Gameraeensi.
