3558 5493
1276 560 1485 613 GESTA
1530 560 1918 613 summam.
1951 560 2013 612 u.
2614 560 2698 613 143

875 697 988 773 vel
1025 721 1162 796 ego
1198 696 1499 784 morior,
1541 720 1684 769 non
1721 695 1858 769 erit
1893 694 2145 793 aliquis

868 813 992 914 qui
1027 819 1228 887 curet
1263 811 1557 887 forsitan
1593 810 1867 886 referre
1899 810 2151 885 litteris

871 954 1052 1029 quae
1087 938 1288 1030 gesta
1321 928 1610 1004 fuerunt
1644 925 2091 1027 temporibus
2127 928 2301 1004 suis.

677 1049 722 1116 6
967 1045 1135 1121 Ideo
1173 1044 1434 1135 refero,
1478 1044 1606 1119 sed
1639 1052 1877 1118 tamen
1913 1043 2218 1142 pavidus

873 1162 1258 1261 plasmatus
1290 1162 1652 1260 quomodo
1688 1160 1905 1235 fuerit
1935 1160 2340 1261 episeopus,

871 1277 1130 1375 quibus
1167 1277 1490 1378 ingeniis,
1535 1278 1797 1375 quibus
1831 1276 2218 1362 laboribus,

872 1401 1212 1491 operante
1248 1402 1486 1467 tamen
1520 1398 1669 1467 Deo
1703 1392 1776 1467 in
1812 1392 2169 1469 omnibus.

675 1513 719 1580 7
965 1509 1293 1584 Divinum
1330 1509 1546 1610 igitur
1581 1534 1839 1608 precor
1875 1509 2215 1585 auxilium

867 1628 1230 1723 sanctique
1267 1626 1571 1723 Spiritus
1609 1635 1935 1700 sanctum
1970 1626 2342 1701 consilium

729 1799 750 1805 -
870 1749 950 1815 ut
983 1741 1254 1839 possim
1290 1766 1424 1839 per
1458 1765 1709 1816 verum
1747 1741 1852 1815 ire
1890 1742 2267 1841 vestigium

869 1881 910 1929 a
947 1856 1169 1931 verbo
1204 1856 1428 1954 priori
1466 1881 1687 1954 usque
1724 1857 1817 1932 ad
1853 1856 2203 1932 ultimum.

637 2111 863 2193 Quod
910 2113 1144 2181 cives
1190 2114 1684 2182 Galcherum
1729 2129 2134 2182 revocare
2178 2114 2638 2182 voluerunt.

678 2321 720 2387 8
968 2316 1262 2406 Quando
1295 2317 1669 2393 defunctus
1704 2327 1819 2394 est
1852 2318 2005 2394 Odo
2042 2319 2447 2418 episcopus,

870 2431 1123 2507 doctor
1157 2433 1576 2533 magnificus
1613 2434 1704 2509 de
1738 2443 2015 2534 septem
2050 2434 2387 2525 artibus¹,

870 2550 1481 2625 Cameracensium
1515 2550 1847 2625 convenit
1884 2552 2192 2651 populus

870 2673 949 2738 ut
984 2665 1225 2765 presul
1263 2675 1427 2766 post
1463 2692 1625 2743 eum
1666 2675 1972 2767 ponatur
2005 2668 2209 2743 alius.

579 2825 594 2843 ·
678 2784 722 2853 9
969 2781 1388 2858 Galcherum
1422 2785 1546 2882 qui
1580 2792 1741 2858 ante
1778 2808 1945 2859 eum
1981 2785 2539 2883 pontificaverat,

872 2920 1087 2993 quem
1120 2923 1306 2996 papa
1340 2897 1664 2974 Urbanus
1692 2898 1843 2998 jam
1879 2899 2335 2998 deposuerat,

871 3012 994 3109 qui
1029 3012 1223 3088 illum
1257 3013 1578 3089 Odonem
1611 3020 1782 3088 tunc
1817 3014 2334 3112 supervixerat,

871 3154 1201 3204 assensus
1230 3130 1550 3205 omnium
1587 3130 1657 3204 in
1690 3138 1974 3229 patrem
2008 3139 2321 3205 revocat.

630 3248 720 3317 40
967 3244 1340 3321 Reducunt
1374 3246 1642 3345 pariter
1676 3247 1815 3321 hoc
1851 3246 1941 3321 ad
1980 3246 2397 3321 memoriam

870 3361 1065 3459 quod
1103 3361 1330 3436 donec
1365 3363 1593 3438 tenuit
1626 3363 1835 3437 istam
1871 3362 2311 3463 provinciam

871 3485 1139 3554 terram
1174 3478 1473 3554 viriliter
1507 3479 1696 3553 rexit
1732 3489 1804 3553 et
1841 3479 2170 3579 patriam,

871 3602 1269 3668 castrorum
1303 3595 1624 3670 omnium
1658 3595 1993 3696 frangens
2029 3594 2462 3694 superbiam.

631 3709 707 3779 Μ
967 3709 1271 3783 Hem-ico
1307 3709 1426 3808 qui
1468 3711 1585 3785 illo
1621 3712 1968 3810 regnabat
2002 3720 2328 3811 tempore

869 3823 1369 3914 archidiaconi,
1411 3826 1651 3915 casati,
1692 3825 1968 3902 litterae

870 3940 1087 4014 totius
1121 3943 1643 4018 Cameracensis
1679 3943 2056 4018 aecclesiae

872 4056 1336 4133 Gualcherum
1373 4069 1738 4156 pastorem
1772 4059 2042 4135 vadunt
2074 4067 2426 4156 repetere.

649 4313 698 4368 1.
741 4313 939 4388 Comp.
975 4313 1102 4387 plus
1133 4313 1276 4371 haut
1302 4315 1440 4372 Gest.
1475 4316 1746 4380 Galoheri,
1783 4322 1883 4371 str.
1919 4315 2007 4372 91.
