3558 5493
1398 494 1733 548 GALonssm.
2577 501 2639 554 39

517 633 600 708 21
618 627 666 701 4
1059 628 1475 703 Galeherum
1509 637 1678 729 post
1712 654 1843 705 nec
1878 632 2154 707 monuit

959 745 1340 821 auctoritas
1370 754 1450 821 ut
1484 746 1811 845 precipit,

958 860 1087 935 sed
1123 861 1308 937 sieut
1341 861 1446 937 ira
1483 864 1805 964 suggerit

961 976 1102 1050 cito
1138 978 1804 1053 excommunicavit.

520 1094 667 1169 215
1060 1091 1116 1164 Ο
1154 1094 1471 1166 Romana
1510 1092 1870 1181 aeeclesia,

958 1230 1008 1280 o
1044 1206 1252 1281 sedes
1289 1207 1700 1306 apostolica,

961 1322 1123 1420 quis
1157 1347 1471 1421 unquam
1507 1323 1706 1398 audit
1738 1324 1904 1399 talia

962 1463 1146 1536 quae
1182 1438 1347 1513 fecit
1379 1438 1495 1514 hie
1526 1443 1881 1539 apostata!

520 1555 667 1631 216
1058 1559 1197 1628 Iste
1232 1555 1421 1628 enim
1456 1578 1595 1652 pro
1630 1564 1927 1654 argento

961 1693 1054 1744 ex
1091 1668 1316 1766 ipsius
1345 1668 1641 1744 arbitrio

960 1793 1109 1858 tres
1144 1784 1385 1882 posuit
1417 1786 1794 1884 episcopos

961 1898 1034 1972 in
1068 1924 1216 1975 uno
1252 1900 1642 2000 episcopio.

520 2019 665 2092 217
1060 2017 1229 2091 Oret
1264 2017 1497 2090 omnis
1533 2017 1829 2093 eeclesia

963 2156 1241 2207 summa
1275 2132 1401 2206 Dei
1428 2132 1700 2231 justitia

964 2256 1045 2321 ut
1078 2248 1457 2323 ulciscatur
1491 2250 1756 2323 seelera

962 2361 1171 2462 hujus
1204 2363 1558 2438 turbantis
1593 2364 1858 2439 omnia.

523 2480 668 2555 218
1064 2477 1444 2553 Galoherus
1479 2478 1572 2553 ad
1603 2481 1785 2555 hanc
1823 2481 2180 2556 turbatam

968 2592 1378 2693 regrediens
1414 2594 1783 2669 eeclesiam

961 2708 1230 2784 invenit
1264 2708 1398 2784 sibi
1435 2716 1755 2809 paratam

965 2824 1495 2923 processionem
1528 2824 1872 2900 debitam.

524 2944 670 3019 219
1061 2939 1197 3015 Sed
1236 2940 1403 3037 quia
1439 2939 1636 3014 illum
1671 2941 1899 3015 tenuit

964 3055 1172 3131 dolor
1206 3054 1694 3129 inestimabilis

966 3196 1045 3245 se
1078 3171 1465 3271 glorianter
1499 3172 1718 3269 recipi

966 3286 1149 3361 bene
1184 3287 1549 3363 consultus
1585 3287 1835 3362 noluit.

528 3405 670 3481 220
1064 3402 1344 3478 Mandat
1380 3428 1630 3478 omnes
1665 3404 1735 3477 in
1773 3404 2106 3490 crastino,

966 3517 1213 3594 volens
1249 3519 1350 3592 uti
1384 3520 1703 3607 oonsilio,

531 3717 641 3770 lere
658 3716 991 3769 sententiam
1008 3733 1024 3769 :
1039 3716 1293 3785 primam
1312 3717 1518 3770 scilicet
1541 3717 1854 3771 electionem
1874 3719 2079 3781 ratam,
2108 3715 2406 3770 secundam
2423 3730 2565 3780 vero,
2591 3716 2653 3770 id

529 3807 607 3858 est
642 3803 930 3870 walcheri,
964 3805 1197 3859 irritam
1223 3819 1331 3858 esse
1356 3804 1562 3859 debere.
1602 3805 1772 3858 Porro
1813 3804 2127 3859 walcherus
2153 3806 2283 3872 jam
2317 3804 2382 3858 de
2420 3806 2651 3859 concilio

531 3897 843 3958 recesserat,
875 3894 1013 3962 quia
1041 3908 1139 3947 nos
1166 3895 1269 3962 qui
1295 3908 1423 3947 cum
1452 3908 1509 3947 eo
1537 3895 1812 3956 ieramus,
1863 3892 1968 3946 hae
1994 3896 2045 3947 et
2073 3893 2209 3947 illae
2233 3894 2645 3957 auricomum,

532 3983 641 4036 tale
666 3982 719 4035 ei
729 3981 1018 4051 judicium
1043 3983 1162 4050 sore
1184 3980 1626 4051 predixeramus.
1652 3982 1797 4035 Data
1816 3983 2109 4046 sententia,
2133 3980 2411 4035 Kana-§ses
2437 3982 2503 4035 in
2531 3981 2652 4049 ipsa

531 4071 650 4125 sede
685 4070 958 4126 walcheri
982 4075 1047 4125 ut
1072 4072 1351 4140 episeopus
1381 4070 1775 4135 substituitur,-
1819 4071 2137 4125 Waleherus
2162 4071 2216 4123 si
2240 4085 2294 4124 se
2319 4070 2566 4138 deinceps
2588 4069 2653 4124 de

534 4160 845 4228 episcopatu
890 4161 1257 4226 intermittat,
1299 4162 1818 4215 eoeeommunicatur
1856 4158 2081 4233 (Qhron.
2126 4156 2185 4214 S.
2216 4155 2418 4222 Andr„
2461 4173 2520 4212 n.
2555 4155 2648 4227 19,
