3558 5493
1352 641 1746 692 amictuum.
1777 645 1818 694 1.
2556 646 2643 698 133

577 780 672 850 75
1065 780 1164 849 De
1201 775 1337 848 isto
1373 773 1596 849 enim¹
1639 773 1852 848 feodo

966 900 1136 966 tune
1171 892 1353 965 facta
1390 899 1500 965 est
1534 891 1899 969 concessio

963 1036 1006 1082 a
1041 1007 1264 1082 milite
1299 1014 1372 1080 et
1409 1005 1699 1080 domino

964 1147 1208 1197 coram
1242 1122 1432 1197 clero
1469 1130 1542 1198 et
1575 1121 1872 1221 populo.

581 1241 672 1311 76
1065 1237 1259 1312 Fecit
1294 1237 1495 1313 miles
1533 1244 2055 1313 sacramentum

965 1362 1037 1427 et
1071 1353 1315 1452 presul
1351 1353 1804 1453 privilegium

964 1477 1046 1545 ut
1082 1493 1270 1544 nunc
1304 1478 1376 1543 et
1413 1469 1482 1543 in
1522 1478 1947 1568 perpetuum

965 1586 1101 1659 hoc
1137 1583 1425 1659 feodum
1464 1585 1557 1659 sit
1591 1593 1980 1660 mortuum.

578 1703 671 1773 77
1066 1703 1242 1773 Eece
1280 1707 1487 1797 porta
1525 1707 1636 1773 est
1672 1699 2003 1774 omnibus

962 1822 1208 1912 aperta
1246 1813 1756 1914 gradientibus,

965 1929 1144 2004 liber
1180 1936 1392 2028 atque
1432 1927 1814 2003 letissimus

964 2045 1182 2119 intrat
1218 2052 1291 2118 et
1327 2043 1472 2119 exit
1509 2044 1839 2120 rusticus.

577 2165 622 2234 7
628 2166 670 2234 8
1064 2160 1398 2235 Exultant
1436 2185 1611 2261 ergo
1647 2161 1888 2236 rustici

966 2274 1056 2350 de
1093 2275 1294 2350 ruina
1331 2275 1610 2374 pedagii

967 2391 1092 2491 qui
1129 2400 1291 2467 ante
1329 2391 1677 2467 tributarii

967 2508 1185 2584 modo
1221 2509 1403 2583 fiunt
1437 2508 1777 2583 liberrimi
1823 2537 1838 2581 ε

578 2630 672 2699 79
1065 2632 1139 2698 et
1174 2624 1705 2702 werimboldus
1744 2625 2102 2724 pontifex²

969 2739 1368 2840 congaudet
1402 2750 1701 2840 propter
1734 2726 2087 2840 pauperes

969 2881 1153 2956 quos
1190 2858 1448 2931 fecerat
1488 2856 1947 2955 perhenniter

971 2971 1364 3046 tutissimos
1403 2979 1476 3045 et
1509 2971 1793 3046 hilares,

579 3093 671 3162 80
1066 3087 1198 3178 Qui
1235 3095 1314 3162 ut
1348 3088 1564 3161 homo
1600 3089 1712 3163 vel
1750 3087 1975 3162 bestia

969 3228 1102 3303 per
1137 3202 1386 3277 callem
1422 3228 1688 3303 equum
1723 3210 2037 3278 transeat

967 3317 1056 3394 ad
1095 3327 1364 3394 terram
1401 3318 1538 3393 iter
1575 3319 1867 3408 relevat,

972 3436 1063 3511 ad
1101 3459 1361 3534 aquam
1399 3444 1653 3534 pontes
1687 3445 2009 3511 renovat.

582 3556 660 3625 81
1067 3555 1434 3650 Equantur
1468 3575 1601 3650 per
1635 3552 1933 3652 vestigia

969 3675 1043 3741 et
1077 3666 1349 3766 lapides
1387 3675 1460 3741 et
1496 3667 1756 3742 rudera

971 3805 1060 3854 ne
1096 3780 1498 3856 offendatur
1533 3781 1756 3856 bestia

972 3922 1152 3995 quae
1184 3897 1323 3972 fert
1356 3906 1478 3973 aut
1515 3898 1729 3971 trahit
1765 3922 2008 3972 onera.

607 4156 657 4211 1.
698 4157 869 4210 enim.
902 4153 1063 4211 Dans
1090 4154 1146 4212 le
1174 4171 1285 4213 ms.
1318 4156 1632 4213 au-dessus
1658 4155 1731 4214 de
1760 4154 1817 4213 la
1844 4155 2016 4230 ligne.

605 4245 657 4300 2.
698 4243 776 4302 Co
804 4250 985 4302 terme
1014 4242 1085 4302 de
1106 4248 1358 4315 pontifex
1384 4251 1475 4304 cst
1501 4244 1765 4318 employe
1796 4244 1869 4301 ici
1902 4242 2045 4301 daus
2075 4260 2180 4301 son
2209 4259 2341 4301 sens
2370 4243 2654 4317 etymolo-

533 4333 705 4406 giqne
731 4331 904 4399 (celui
934 4332 1035 4407 qni
1064 4348 1126 4390 se
1154 4332 1362 4407 charge
1391 4334 1460 4392 de
1489 4331 1815 4392 l'entretien
1847 4332 1947 4391 des
1978 4340 2147 4407 ponts
2170 4352 2182 4387 :
2206 4362 2280 4375 -
2306 4347 2490 4405 comp.
2526 4330 2653 4405 plus

538 4422 639 4479 bas
668 4426 768 4478 str.
800 4420 1010 4492 82-86),
1041 4436 1181 4478 avec
1208 4438 1323 4480 une
1351 4421 1639 4479 intention
1668 4420 1937 4479 evidente
1963 4421 2035 4477 de
2056 4421 2153 4492 J‘eu
2183 4420 2255 4478 de
2284 4427 2453 4478 mots.
