3558 5493
946 539 1028 591 174
1902 544 2107 596 GESTA

1037 680 1080 748 5
1474 676 1566 752 de
1601 680 2107 756 premonstrati
2149 680 2398 756 ordine

1375 801 1623 868 notum
1655 819 1745 868 ex
1781 795 2116 894 opinione
2258 783 2262 788 ’

1375 906 1694 984 litteralis
1729 910 2065 985 scientiae

1373 1033 1445 1098 et
1479 1025 1645 1100 fidei
1683 1027 2095 1103 catholicae.

1033 1142 1076 1211 6
1469 1142 1847 1217 Electionis
1879 1144 2152 1219 actibus

1368 1257 1562 1332 favet
1591 1260 2167 1359 archiepiscopus
2210 1288 2227 1334 z
2297 1297 2316 1304 -

1366 1373 1557 1448 favet
1590 1382 1828 1450 tamen
1864 1375 1999 1450 sub
2034 1376 2293 1452 talibus

1366 1514 1610 1565 rerum
1646 1492 2170 1568 conditionibus

1026 1611 1070 1678 7
1464 1607 1711 1682 electio
1748 1617 1829 1683 ut
1863 1620 2145 1684 maneat

1364 1730 1438 1796 et
1472 1733 1626 1797 rata
1661 1723 1754 1797 sit
1791 1749 1881 1798 ne
1917 1733 2164 1824 pereat

1364 1837 1425 1912 si
1462 1839 1685 1913 cesari
1721 1840 1859 1914 hoc
1893 1840 2192 1939 placeat,

1361 1979 1526 2029 cum
1562 1955 1715 2029 fieri
1754 1981 1898 2030 non
1934 1957 2166 2052 valeat

1023 2074 1066 2142 8
1459 2070 1593 2144 nisi
1628 2070 1784 2168 ipse
1819 2071 2211 2146 laudaverit

1359 2192 1434 2260 et
1468 2185 1772 2262 electum
1807 2187 2160 2286 receperit

1361 2300 1568 2399 eique
1601 2302 1870 2378 donum
1906 2305 2155 2378 fecerit

1360 2426 1440 2492 ut
1474 2418 1713 2518 regius
1750 2420 1944 2494 mos¹
1986 2421 2234 2522 exigit.

1018 2536 1062 2604 9
1457 2540 1652 2610 Tunc
1687 2534 1790 2610 sic
1826 2536 2008 2611 facta
2042 2537 2290 2612 electio

1357 2675 1398 2724 a
1431 2650 1621 2725 clero
1657 2659 1872 2751 atque
1908 2654 2179 2753 populo

1357 2768 1844 2843 manifestatur
1875 2769 2036 2845 ilico

1356 2882 1494 2982 ipsi
1529 2885 1681 2984 regi
1718 2885 2050 2961 Lothario

971 2999 1061 3069 ⁴0
1455 3022 1586 3096 per
1623 2999 1894 3099 legatos
1929 3000 2228 3076 idoneos

1357 3111 1540 3188 duos
1577 3114 1873 3189 abbates
1907 3116 2220 3215 optimos

1356 3227 1448 3303 de
1485 3240 1729 3305 sancto
1764 3231 2057 3329 quidem
2093 3232 2441 3309 Autberto

1355 3352 1429 3418 et
1464 3347 1804 3444 Sepulcro
1843 3348 2313 3424 sanctissimo.

966 3460 1042 3531 Μ
1450 3458 1587 3534 Sed
1624 3462 1919 3535 retentis
1955 3463 2354 3552 abbatibu8‚

1353 3599 1553 3650 cesar
1588 3578 2211 3654 cameracensibus

1350 3692 1641 3766 mandat
1677 3691 1873 3790 quod
1911 3693 2003 3768 de
2041 3692 2531 3769 claustralibus

1351 3831 1561 3881 nemo
1597 3809 1839 3907 presul
1878 3809 2015 3883 erit
2049 3834 2246 3885 suus.

962 3922 1054 3998 ⁴2
1447 3929 1623 3998 Nam
1659 3924 1931 4024 imponi
1968 3925 2122 4000 vult
2158 3927 2514 4002 neminem

1347 4041 1702 4115 Cameraci
1737 4042 2149 4141 pontificem

979 4286 1029 4342 l.
1070 4302 1205 4344 mos.
1240 4286 1402 4345 Dans
1432 4287 1484 4346 le
1513 4305 1623 4347 ms,
1655 4307 1803 4348 mom.
