3558 5493
949 634 1002 684 ⁴21
1014 632 1042 683 4
1911 623 2117 676 GESTA

1390 765 1465 833 et
1495 757 1615 855 qui
1656 764 1858 830 erant
1893 754 2036 829 fide
2073 753 2182 828 sui

1391 872 1711 947 infideles
1743 868 2102 957 constitui,

953 996 1097 1072 283
1126 977 1131 982 ’
1491 986 1873 1085 alloquitur
1908 983 2346 1083 pontificem,

1391 1104 1603 1178 offert
1639 1125 1926 1176 omnem
1955 1099 2337 1199 justiciam,

1393 1229 1649 1319 optans
1685 1225 2105 1293 cunctorum
2140 1215 2419 1289 solitam

1392 1344 1638 1410 tenere
1674 1332 2081 1407 amicitiam.

954 1453 1100 1532 284
1491 1450 1715 1525 Offert
1752 1472 2039 1546 quoque
2077 1454 2390 1520 castrum
2425 1441 2631 1519 reddi

1395 1568 1469 1639 in
1505 1563 1831 1638 manibus
1868 1562 2213 1662 episcopi,

1395 1689 1680 1756 servato
1708 1680 1870 1780 jure
1907 1677 2127 1753 debiti

1396 1795 1590 1895 quod
1628 1795 1915 1870 heredis
1950 1801 2061 1869 est
2096 1792 2417 1867 Gerardi.

962 1919 1106 1994 285
1496 1910 1699 2001 Quod
1737 1911 2038 1985 offertur
2074 1934 2116 1982 a
2151 1911 2457 2006 Symone

1398 2027 1647 2101 nolunt
1684 2025 1877 2099 cives
1914 2022 2233 2120 recipere

1400 2143 1532 2217 nisi
1568 2142 1847 2216 favente
1882 2136 2141 2213 comite

1399 2257 1513 2332 cui
1549 2256 1766 2330 fidem
1794 2255 2153 2354 juravere.

963 2376 1107 2452 286
1497 2376 1623 2446 Est
1657 2368 1792 2443 ista
1826 2393 1945 2443 res
1979 2366 2323 2443 mirabilis

1400 2485 1473 2559 in
1510 2484 1645 2558 hoc
1681 2483 1876 2583 quod
1912 2483 2131 2557 fidem
2165 2481 2447 2556 comitis

1400 2599 1744 2699 optabant
1782 2623 2069 2674 servare
2106 2598 2336 2698 magis

1401 2741 1619 2817 quam
1653 2715 1961 2816 presulis
1996 2723 2068 2790 et
2101 2714 2456 2813 symonis,

960 2837 1106 2915 287
1499 2832 1745 2908 Omnis
1781 2842 1974 2907 terra
2010 2831 2403 2906 admiratur

1061 2945 1068 2957 ’
1402 2947 1599 3047 quod
1635 2956 1842 3023 vetus
1879 2948 2059 3022 fides
2092 2946 2380 3023 labitur.

1398 3089 1585 3140 nova
1620 3089 1797 3139 vero
1833 3063 2156 3163 erigitur,

1398 3180 1527 3256 sed
1562 3179 1676 3255 cui
1707 3180 1936 3278 magis
1971 3178 2289 3252 creditur

1397 3304 1593 3369 stans
1628 3292 1842 3367 hodie
1877 3315 2038 3366 cras
2073 3291 2450 3392 frangitur.

958 3413 1103 3489 288
1494 3407 1754 3484 Videns
1790 3410 2054 3507 Symon
2090 3415 2338 3481 cautus
2373 3406 2574 3480 miles

1398 3522 1591 3621 quod
1628 3522 1767 3597 viri
1804 3526 2344 3599 cameracenses

1399 3638 1626 3713 effecti
1665 3646 1832 3739 sunt
1867 3639 1976 3714 sui
2010 3639 2255 3714 hostes

1397 3762 1469 3828 et
1505 3752 1579 3828 in
1616 3755 1808 3829 nullo
1843 3762 1998 3829 tuta
2033 3754 2241 3841 fides,

960 3875 1105 3949 289
1500 3878 1730 3944 castra
1769 3895 1897 3946 sua
1933 3871 2161 3971 magis
2197 3870 2462 3957 firmat,

1398 3986 1586 4060 levat
1616 4011 1863 4062 muros
1898 3994 1972 4060 et
2008 3987 2347 4061 reformat

1401 4126 1682 4199 queque
1716 4104 1962 4190 fracta,
2006 4126 2287 4199 queque
2318 4099 2516 4198 lapsa

1399 4217 1709 4292 restituit
1741 4225 1816 4292 et
1848 4217 2207 4293 emendat.
