3558 5493
897 623 991 675 ‘246
1646 620 1734 670 DE
1762 620 1964 670 OBITU
1994 619 2268 678 Nicoml,

1338 754 1397 828 si
1434 761 1633 854 gesta
1671 753 1933 826 scirent
1967 752 2231 826 omnia.

1432 868 1649 943 Nobis
1685 876 1961 942 tantum
1996 867 2351 943 suffecerit

1337 984 1517 1062 scire
1554 984 1716 1082 quis
1750 1008 1968 1082 quem
2007 985 2455 1083 precesserit.

945 1233 1039 1303 70
1434 1224 1711 1299 Primus
1749 1223 2006 1298 horum
2042 1249 2223 1322 quos
2259 1224 2568 1301 diximus

1335 1340 1706 1416 Nicholaus
1742 1340 2119 1414 munificus

1432 1456 1574 1553 jam
1609 1455 1745 1529 rite
1784 1455 2089 1553 sumptis
2125 1455 2358 1530 infulis

1335 1578 1918 1647 consecramento
1953 1570 2291 1669 presulis¹

1430 1688 1540 1762 bis
1577 1686 1786 1761 binos
1822 1686 2029 1760 nobis
2064 1684 2329 1760 solidos

945 1818 1041 1888 75
1336 1836 1519 1910 quos
1554 1809 2033 1885 reddebamus
2067 1834 2341 1884 annuos

1433 1950 1569 2024 pro
1607 1934 1855 1999 nostra
1890 1923 2310 2022 parrocheia

1335 2042 1408 2116 in
1449 2040 1855 2116 Altomonte
1893 2039 2124 2137 posita

1432 2156 1861 2230 condonavit
1897 2162 2246 2254 perpetuo

1336 2274 1764 2347 confirmans
1803 2271 2195 2370 privilegia

948 2395 1040 2464 80
1434 2393 1599 2463 Post
1636 2389 1810 2461 haec
1844 2386 2042 2461 dedit
2079 2387 2321 2460 altaria

1338 2528 1643 2601 quorum
1684 2512 1852 2578 sunt
1886 2503 2058 2577 haec
2092 2502 2436 2577 vocabula
2477 2530 2493 2575 z

1435 2619 1815 2693 Moncellus
1852 2643 2016 2692 cum
2052 2617 2398 2717 participe

1338 2742 1582 2810 sancto
1619 2734 1926 2813 Vedasto
1963 2734 2249 2808 nomine

1435 2860 1508 2926 et
1545 2851 1799 2928 Villare
1836 2861 1910 2926 et
1945 2850 2264 2939 Slemie8‚

947 2971 1040 3041 85
1337 2976 1416 3042 ut
1451 2966 1698 3065 scripti
1736 2975 1979 3041 narrat
2015 2966 2237 3042 series

894 3219 959 3272 de
989 3218 1285 3286 Gambray,
1322 3223 1363 3272 t.
1396 3214 1445 3286 I,
1476 3222 1622 3288 part.
1656 3216 1733 3287 11,
1764 3233 1821 3289 p.
1854 3215 2000 3287 368).
2031 3245 2104 3257 -
2133 3213 2327 3286 Roget
2354 3212 2427 3272 de
2454 3213 2727 3277 Wavrim
2760 3229 3017 3273 reconna

894 3305 1112 3379 aveque
1139 3305 1211 3362 de
1238 3304 1504 3363 Cambrai
1533 3321 1635 3378 par
1663 3305 2010 3378 l'empereur
2038 3303 2305 3361 Frederic
2331 3302 2413 3359 1⁶¹·
2439 3318 2514 3360 en
2545 3303 2684 3360 1178
2713 3303 3012 3376 (sigebert.

899 3394 1105 3452 Chron.
1142 3396 1363 3452 Gontin.
1393 3395 1730 3465 Aquicinct„
1764 3411 1821 3467 p.
1856 3393 2003 3467 417),
2032 3391 2161 3467 puis
2191 3409 2292 3466 par
2311 3393 2366 3449 le
2385 3408 2532 3466 pape
2550 3391 2883 3450 Alexandro
2901 3391 3013 3464 ΠΙ,

892 3481 982 3539 fut
1007 3481 1276 3540 consuere
1304 3481 1544 3540 &Rome
1571 3498 1646 3539 en
1672 3499 1829 3540 mars
1859 3482 2018 3555 1179,
2051 3497 2152 3556 par
2169 3479 2528 3552 Guillaume,
2558 3480 2914 3555 archeveque
2943 3480 3016 3538 de

892 3569 1095 3628 Reims
1147 3571 1383 3642 (Canon.
1434 3569 1750 3641 Gamerae„
1809 3587 1858 3629 c.
1909 3570 2000 3644 23,
2054 3589 2110 3645 p.
2162 3570 2307 3642 509).
2360 3568 2412 3626 Ι1
2467 3585 2532 3626 66
2575 3576 2807 3629 monti-a
2857 3567 3016 3644 plein

893 3659 1181 3733 d'energie
1210 3676 1352 3734 pour
1379 3659 1648 3718 defendi-e
1675 3660 1761 3718 les
1789 3660 1968 3718 droits
1997 3660 2067 3717 de
2096 3675 2202 3718 son
2228 3659 2408 3732 eglise
2436 3664 2634 3717 contre
2648 3657 2707 3715 le
2724 3666 2915 3717 comte
2942 3657 3015 3716 de

891 3746 1142 3805 Flandre
1179 3754 1239 3805 et
1273 3755 1470 3806 contre
1506 3747 1564 3806 la
1600 3764 1909 3806 commune
1949 3747 2022 3805 de
2058 3746 2342 3805 Gambrai.
2387 3745 2620 3804 Celle-ci
2660 3744 3013 3819 cependant,

890 3837 1056 3909 apres
1093 3837 1256 3895 avoir
1292 3835 1385 3894 ete
1424 3836 1612 3895 abolie
1648 3854 1749 3911 par
1789 3837 2131 3911 l'empereur
2157 3835 2423 3894 Frederic
2464 3836 2500 3891 a
2537 3834 2596 3892 la
2629 3833 2913 3893 demande
2940 3834 3014 3893 de

889 3925 1167 4002 l'eveque,
1199 3926 1286 3984 fut
1313 3927 1540 3985 ensuite
1567 3926 1809 3985 retablie
1838 3943 1940 4001 par
1965 3927 2017 3985 le
2043 3930 2238 3984 meme
2265 3941 2568 3999 empereur
2595 3940 2729 3982 sous
2748 3942 2831 3982 un
2848 3931 3014 3983 autre

891 4031 1029 4073 nom
1060 4017 1238 4087 (ibid,
1273 4032 1321 4073 c.
1362 4014 1452 4086 23,
1491 4015 1600 4089 24).
1642 4016 1833 4089 Apres
1872 4016 2167 4089 beaucoup
2206 4014 2457 4073 d’autres
2496 4014 2673 4073 luttes
2711 4013 2783 4071 de
2819 4012 3013 4073 divers

890 4117 1122 4175 gem-ee,
1168 4104 1361 4177 Roget·
1397 4104 1571 4177 partit
1608 4121 1751 4177 pour
1778 4104 1834 4161 la
1863 4111 2011 4162 terre
2040 4105 2225 4162 sainte
2256 4110 2316 4161 et
2342 4121 2380 4178 y
2407 4109 2644 4160 mourut
2669 4102 2704 4160 ὁ.
2727 4101 2850 4177 Tyr
2876 4117 3012 4161 sous

890 4188 1091 4249 l’habit
1116 4191 1186 4250 de
1213 4193 1495 4251 chanoine
1524 4192 1772 4266 regulier
1802 4194 1978 4267 (ibid.,
2014 4211 2063 4252 c.
2098 4194 2210 4266 25),
2242 4210 2316 4250 en
2350 4193 2508 4249 1191.

963 4281 1014 4335 1.
1055 4288 1494 4339 consecranwnto
1519 4285 1779 4352 presulis.
1823 4281 1932 4340 Ges
1958 4289 2112 4340 mots
2152 4297 2215 4339 se
2252 4280 2429 4338 lisent
2467 4281 2503 4336 a
2541 4280 2597 4337 la
2631 4296 2828 4354 marga
2865 4279 3010 4339 dans

889 4367 946 4425 le
974 4385 1082 4427 ms.
