3558 5493
1015 604 1078 657 70
1969 598 2172 649 GESTA

1453 759 1618 810 cum
1653 731 1990 808 meritum
2024 732 2447 807 sanctissimi

1455 847 1823 949 Gaugerici
1860 846 2292 922 confessoris

1455 966 1611 1040 illos
1647 967 1739 1040 ab
1773 963 1956 1039 urbe
1992 964 2309 1063 reppulit
2351 993 2367 1038 :

1011 1083 1157 1157 403
1551 1078 1672 1178 qui
1711 1078 1878 1153 fecit
1913 1078 2049 1153 hoc
2086 1077 2507 1153 miraculum

1453 1195 1649 1293 quod
1686 1194 1919 1268 nullus
1956 1194 2171 1269 instat
2208 1194 2495 1284 civium,

1450 1309 1577 1384 sed
1614 1308 2010 1384 eorundem
2046 1309 2356 1384 hostium

1449 1427 1628 1499 alter
1663 1424 1940 1523 refugat
1976 1424 2347 1499 alterum¹.

1011 1541 1157 1617 404
1549 1541 1845 1631 Quando
1877 1539 2070 1614 cives
2107 1539 2240 1613 hec
2272 1539 2436 1615 talia

1451 1655 1644 1730 evasi
1684 1663 1849 1730 sunt
1886 1654 2227 1754 pericula,

1452 1780 1697 1848 sancto
1736 1771 2143 1869 rependunt
2178 1769 2442 1871 gratias

1451 1886 1575 1985 qui
1609 1887 1711 1961 sic
1746 1910 1875 1961 eos
1910 1886 2336 1961 salvaverat.

1287 2124 1411 2190 De
1449 2120 1748 2189 treviis
1787 2136 1843 2187 a.
1892 2120 2193 2188 comite
2236 2120 2562 2190 civibus
2605 2122 2851 2189 datis.

1010 2331 1155 2406 405
1548 2330 1755 2407 Cives
1790 2330 2081 2407 tandem
2117 2331 2441 2407 exterriti

1448 2447 1582 2521 hac
1615 2446 1900 2521 fortuna
1933 2446 2256 2521 horribili

1448 2571 1522 2636 et
1556 2571 1819 2637 eventu
1857 2561 2152 2661 periculi

1449 2677 1739 2755 mittunt
1773 2678 2048 2780 legatos
2083 2680 2323 2755 comiti

1009 2797 1152 2872 406
1546 2796 1670 2894 qui
1703 2805 2011 2893 querant
2046 2805 2118 2872 et
2150 2796 2605 2872 concordiam

1448 2920 1521 2987 et
1557 2912 1822 2988 trevias
1860 2920 1933 2988 et
1971 2913 2275 3013 gratiam

1448 3036 1522 3104 et
1554 3053 1691 3128 per
1725 3028 1946 3103 fidem
1980 3028 2305 3103 fidutiam

1448 3143 1633 3218 inter
1668 3169 1796 3220 eos
1831 3152 1904 3219 et
1939 3145 2302 3220 comitem.

1006 3259 1148 3335 407
1542 3265 1739 3335 Hanc
1770 3260 1962 3336 enim
1997 3261 2252 3337 urbem
2289 3263 2576 3338 tradere

1442 3377 1786 3451 mandant
1821 3376 1974 3476 ejus
2009 3378 2366 3478 potentiae

1443 3501 1517 3567 et
1554 3517 1678 3567 eos
1713 3492 2127 3568 fidelissime

1441 3606 1637 3682 viros
1672 3608 1902 3708 suo[s]
1943 3609 2277 3698 existere,

1073 3818 1123 3874 1.
1164 3817 1215 3874 Il
1250 3823 1341 3876 est
1379 3819 1594 3893 permis
1635 3819 1708 3879 de
1747 3822 1934 3880 croire
1972 3837 2087 3896 que
2126 3827 2277 3880 cette
2317 3821 2552 3880 retraite
2594 3821 2683 3879 fut
2722 3821 3127 3896 parfaitement

1001 3904 1317 3965 volontaire
1346 3906 1418 3965 de
1445 3908 1501 3965 la
1531 3916 1659 3983 part
1685 3909 1763 3966 du
1793 3916 1982 3967 comte
2012 3910 2083 3967 de
2110 3909 2378 3968 Flandre.
2420 3910 2472 3967 11
2499 3927 2533 3968 a
2562 3927 2638 3984 pu
2664 3909 2882 3967 n’avoir
2910 3909 3129 3968 d’autre

1001 3992 1105 4050 but
1132 3992 1276 4051 dans
1306 4012 1371 4052 sa
1399 3995 1855 4055 demonstration
1879 4007 2078 4056 contre
2099 3998 2363 4056 Cambrai
2392 4016 2507 4073 que
2535 3998 2835 4073 d'effrayer
2858 3998 2943 4058 les
2973 3998 3129 4056 hahi-

997 4089 1152 4139 tants
1180 4090 1239 4140 et
1265 4082 1337 4140 de
1364 4084 1582 4143 relever
1607 4086 1662 4143 le
1701 4086 1885 4145 moral
1914 4086 1985 4145 de
2022 4104 2114 4145 ses
2144 4086 2409 4146 hommes
2438 4086 2716 4157 d’armes‚
2756 4086 2997 4160 n’ayant
3022 4103 3126 4160 pas

885 4211 889 4216 .
999 4170 1290 4228 d'ailleurs
1317 4171 1419 4230 des
1449 4173 1629 4231 forces
1657 4175 1990 4233 suffisantes
2013 4192 2161 4250 pour
2187 4177 2420 4234 enlever
2447 4183 2507 4233 et
2522 4175 2726 4250 garder
2744 4175 2800 4233 la
2822 4176 2979 4233 ville.
3014 4176 3126 4233 Les

1001 4260 1264 4404 ειτοῐᾶὴθε
1290 4261 1586 4406 sthi-vam&
1613 4272 1910 4323 montrent
1935 4265 2076 4340 qu'il
2115 4265 2305 4323 obtint
2341 4281 2415 4322 au
2452 4266 2646 4324 moins
2683 4265 2739 4323 le
2774 4265 3028 4338 premier
3053 4266 3127 4323 de

1003 4362 1097 4405 ces
1164 4366 1276 4407 eux
1306 4366 1338 4407 e
1381 4359 1485 4408 ets.
