3558 5493
882 536 968 587 ¹52
1824 533 2025 586 GESTA

927 674 1020 740 67
1265 666 1572 741 Tandem
1613 668 1810 766 [que]
1854 669 2219 742 Remensis
2255 670 2555 767 presulis
2592 672 2920 770 precibus

1167 792 1238 857 et
1273 784 1770 881 episcoporum
1809 784 2291 881 petitionibus,

1167 898 1385 971 immo
1420 922 1557 995 pro
1592 896 1849 972 auditis
1885 898 2378 975 afflictionibus

1166 1014 1507 1088 relaxavit
1542 1038 1665 1087 eos
1696 1012 1788 1086 de
1817 1013 2277 1112 jussionibus.

935 1262 1058 1327 De
1104 1257 1607 1342 profectione
1653 1258 2114 1327 Burohardi
2161 1261 2269 1328 ad
2313 1261 2911 1343 imperatorem.

926 1496 1017 1563 68
1265 1495 1456 1564 Tunc
1491 1489 1940 1565 Burchardus
1977 1500 2131 1565 erat
2165 1492 2236 1564 in
2273 1493 2756 1591 Langobar-dia

1167 1606 1258 1680 de
1294 1630 1522 1703 papae
1559 1606 1845 1680 rediens
1882 1606 2104 1680 tristis
2141 1608 2493 1704 presentia
2539 1636 2554 1681 ε

1166 1720 1278 1794 cui
1316 1719 1405 1793 ab
1444 1720 1758 1818 undique
1795 1720 2122 1794 accidunt
2159 1721 2466 1795 maxima

1165 1835 1420 1908 mentis
1457 1844 1530 1908 et
1561 1836 1885 1933 corporis
1922 1836 2111 1910 mille
2150 1837 2523 1934 pericula¹.

923 1953 1014 2022 69
1310 1954 1388 2022 In
1426 1974 1557 2023 suo
1594 1950 1824 2024 reditu
1865 1950 2133 2024 invenit
2169 1975 2485 2024 cesarem

1163 2064 1285 2161 qui
1322 2072 1491 2138 tunc
1528 2065 1888 2161 equitabat
1926 2090 2058 2163 per
2092 2065 2687 2165 Langobardiam²
2733 2095 2748 2140 ε

945 2316 993 2369 1.
1031 2315 1301 2384 pericula.
1345 2311 1503 2368 Dans
1534 2312 1587 2367 le
1615 2329 1727 2368 ms.
1758 2328 1836 2386 on⁴
1866 2319 2065 2369 trouve
2103 2312 2416 2371 au-dessus
2456 2313 2527 2369 de
2561 2312 2620 2371 la
2648 2313 2801 2388 ligne
2829 2321 2887 2371 et
2913 2332 2988 2372 en

872 2412 1045 2460 avant
1074 2401 1143 2458 de
1173 2418 1238 2459 ce
1266 2408 1390 2458 mot
1418 2400 1473 2455 la
1501 2400 1759 2457 variante
1785 2406 1867 2458 vel
1897 2407 2206 2459 contrario.

942 2491 996 2547 2.
1039 2490 1188 2546 C’est
1224 2504 1297 2545 au
1336 2488 1657 2563 printemps
1694 2488 1766 2546 de
1801 2489 2027 2547 l'annee
2070 2490 2207 2547 1116
2244 2506 2356 2564 que
2390 2490 2575 2548 Henri
2612 2491 2668 2548 V
2697 2507 2759 2548 se
2799 2492 2990 2549 rendit

870 2578 1013 2636 dans
1040 2577 1096 2634 la
1123 2577 1485 2649 Lomhardie,
1517 2577 1632 2634 afin
1661 2577 1733 2634 de
1761 2578 1848 2651 s’y
1875 2584 2080 2635 mettre
2109 2595 2182 2634 en
2223 2580 2550 2651 possession
2591 2579 2692 2636 des
2733 2579 2881 2637 etats
2917 2579 2989 2636 de

871 2670 926 2726 la
953 2668 1175 2725 celebre
1202 2674 1483 2724 comtesse
1511 2667 1811 2738 Mathilde‚
1842 2674 2028 2724 morte
2058 2667 2111 2724 le
2138 2666 2207 2724 24
2230 2667 2422 2742 juillet
2447 2668 2519 2725 de
2546 2667 2771 2726 l’annee
2800 2668 2987 2743 prece·

869 2758 1042 2814 dente
1070 2756 1403 2830 (Domniz0‚
1449 2759 1547 2814 Vit.
1580 2759 1897 2822 Mathildis,
1942 2775 1998 2813 v.
2030 2758 2130 2828 45,
2161 2758 2262 2830 99,
2295 2760 2427 2829 100,
2467 2761 2614 2815 lton.
2646 2759 2850 2825 Germ„
2885 2760 2982 2817 SS.

870 2854 909 2904 t.
947 2845 1098 2918 XII,
1130 2862 1183 2918 p.
1216 2847 1341 2914 407,
1374 2846 1518 2916 408).
1561 2845 1723 2902 Cette
1753 2845 2086 2918 expedition
2116 2863 2179 2904 se
2205 2854 2406 2904 trouve
2434 2851 2705 2921 marquee
2731 2847 2873 2904 dans
2902 2847 2987 2904 les

869 2933 1129 2992 Annales
1158 2932 1228 2991 de
1255 2933 1427 3007 Liege
1456 2952 1531 2991 en
1559 2950 1654 2992 ces
1684 2943 1897 2991 termes
1929 2952 1942 2990 :
1986 2934 2142 2991 1116.
2176 2937 2471 2991 Heinricus
2499 2940 2804 3006 imperator
2825 2952 2987 3007 prop·

872 3032 954 3080 ter
981 3041 1200 3095 asperos
1227 3028 1293 3079 in
1320 3042 1374 3081 se
1405 3031 1585 3080 motus
1614 3029 1776 3094 reyni
1808 3024 1866 3093 (il
1896 3024 2092 3080 venait
2120 3023 2414 3098 d'essuyer
2443 3041 2560 3080 une
2597 3023 2806 3081 desaite
2833 3023 2905 3081 de
2933 3023 2990 3081 la

869 3120 997 3188 part
1024 3113 1123 3170 des
1154 3112 1393 3184 Saxons)
1424 3115 1500 3169 ad
1527 3117 1756 3170 Italiam
1793 3116 1988 3168 secedit
2023 3118 2074 3169 et
2113 3119 2325 3169 terram
2352 3114 2642 3170 Mathildis
2678 3115 2988 3170 marchisae

872 3203 1360 3272 Lanyobardorum
1371 3206 1510 3273 jure
1531 3205 1975 3274 propinquitatis
2004 3205 2287 3273 occupavit
2317 3200 2542 3270 (Annal.
2577 3204 2754 3269 Laod„
2786 3219 2841 3275 p.
2876 3202 2985 3272 30).

869 3290 1182 3347 Ekkehard
1218 3289 1439 3346 d'Aurs.
1466 3289 1553 3346 dit
1579 3291 1614 3346 ἐι
1642 3307 1752 3363 peu
1792 3290 1922 3363 pres
1962 3288 2034 3345 de
2074 3293 2265 3347 meme
2302 3288 2445 3347 dans
2487 3306 2553 3347 sa
2583 3289 2914 3365 Chronique
2953 3291 2989 3348 ὲ

871 3377 983 3436 l'an
1015 3379 1152 3436 1116
1186 3402 1198 3433 ι
1248 3377 1583 3445 [Henricus]
1614 3379 1883 3432 scandala
1906 3381 2237 3447 principum
2266 3380 2551 3434 declinans
2582 3383 2648 3435 in
2678 3381 2908 3435 Italiam
2933 3397 2988 3436 se

871 3486 990 3524 una
1020 3486 1148 3525 oum
1179 3473 1375 3538 reyina
1406 3473 1620 3537 totaque
1648 3469 1806 3523 domo
1848 3484 1953 3523 sua
1995 3471 2231 3524 contulit
2269 3485 2336 3524 ao
2374 3472 2526 3525 cirea
2565 3471 2782 3525 Padum
2823 3487 2989 3540 neqo-

874 3561 967 3613 tiis
995 3561 1255 3613 insistens
1284 3560 1446 3626 reyni
1450 3598 1557 3610 .....
1592 3554 1946 3624 (Ekkehard.
1978 3554 2222 3628 Uraug.‚
2266 3574 2322 3629 p.
2364 3556 2510 3628 250).
2557 3558 2640 3614 Le
2682 3564 2868 3631 temps
2910 3558 2986 3615 du

871 3645 1059 3718 sejour
1077 3646 1149 3701 de
1166 3643 1348 3701 Henri
1370 3643 1424 3698 V
1445 3660 1518 3700 en
1541 3643 1887 3701 Lombardie
1908 3651 1998 3700 est
2016 3660 2221 3702 encore
2246 3644 2437 3701 donne
2463 3661 2564 3717 par
2583 3644 2638 3702 la
2658 3645 2989 3720 Chronique

871 3733 948 3790 du
977 3731 1388 3802 Mont-Cassin,
1419 3734 1493 3789 οὺ
1520 3748 1596 3788 on
1626 3732 1693 3788 lit
1726 3752 1738 3788 :
1771 3736 1876 3789 Per
1904 3735 2049 3789 idem
2079 3740 2288 3804 tempus
2313 3736 2550 3790 Romani
2575 3737 2836 3790 adversus
2858 3739 2987 3805 jam

771 3853 782 3862 .
868 3823 1082 3877 dictum
1113 3823 1428 3890 pontificem
1472 3819 1836 3891 [paschalem
1864 3820 1946 3887 Π]
1986 3824 2157 3890 ferali
2194 3825 2343 3876 inter
2377 3838 2431 3877 se
2468 3823 2591 3876 odio
2626 3823 2982 3878 dissidebant.

870 3911 1016 3966 Nam
1055 3925 1188 3979 pars
1229 3912 1481 3964 maxima
1528 3913 1790 3974 illorum,
1841 3914 1944 3978 qui
1988 3913 2175 3978 fllium
2215 3926 2397 3979 nuper
2436 3912 2686 3978 defuncti
2720 3912 2989 3980 praefecti

873 3995 1073 4067 [Petri]
1119 4000 1311 4051 eontra
1354 3994 1690 4067 [pontificis]
1732 4000 2075 4052 voluntatem
2115 4000 2418 4066 elegerant,
2466 3999 2721 4053 omnibus
2771 3998 2987 4053 nisibus

872 4091 1066 4140 eontra
1093 4087 1317 4140 Petrum
1346 4086 1534 4140 Leonis
1552 4086 1804 4154 avebant,
1831 4088 1963 4140 adeo
1991 4091 2057 4140 ut
2079 4089 2384 4141 nonnullas
2404 4090 2522 4156 ejus
2544 4091 2725 4141 turres
2748 4087 2986 4141 destrue-

871 4178 1030 4244 rent⁸
1072 4176 1208 4243 quia
1239 4188 1341 4243 pro
1369 4176 1484 4242 ipso
1513 4180 1562 4229 et
1592 4190 1720 4228 cum
1748 4178 1866 4244 ipso
1894 4191 2007 4228 non
2044 4180 2387 4230 consenserat
2418 4177 2671 4244 pontifex
2708 4177 2988 4231 voluntati

873 4276 1083 4317 eorum.
1116 4262 1211 4316 His
1238 4262 1449 4317 auditis
1478 4263 1774 4318 Heinrious
1803 4266 2122 4332 imperator,
2155 4265 2258 4332 qui
2283 4264 2546 4332 defuncta
2565 4263 2824 4318 Mattilda
2852 4268 2987 4318 tuno
