<?xml version="1.0" encoding="UTF-8"?>
<!DOCTYPE html PUBLIC "-//W3C//DTD XHTML 1.0 Transitional//EN"
    "http://www.w3.org/TR/xhtml1/DTD/xhtml1-transitional.dtd">
<html xmlns="http://www.w3.org/1999/xhtml" xml:lang="en" lang="en">
 <head>
  <title>
</title>
<meta http-equiv="Content-Type" content="text/html;charset=utf-8" />
  <meta name='ocr-system' content='tesseract 3.04.00' />
  <meta name='ocr-capabilities' content='ocr_page ocr_carea ocr_par ocr_line ocrx_word'/>
</head>
<body>
  <div class='ocr_page' id='page_1' title='image "./gestesdesvquesd00unkngoog_0219.png"; bbox 0 0 3558 5493; ppageno 0'>
   <div class='ocr_carea' id='block_1_1' title="bbox 529 1538 670 1609">
    <p class='ocr_par' dir='ltr' id='par_1_1' title="bbox 529 1538 670 1609">
     <span class='ocr_line' id='line_1_1' title="bbox 529 1538 670 1609; baseline 0.014 -2"><span class='ocrx_word' id='word_1_1' title='bbox 529 1538 670 1609; x_wconf 68' lang='lat'><strong>⁴⁴5</strong></span> 
     </span>
    </p>
   </div>
   <div class='ocr_carea' id='block_1_2' title="bbox 528 2117 670 2194">
    <p class='ocr_par' dir='ltr' id='par_1_2' title="bbox 528 2117 670 2194">
     <span class='ocr_line' id='line_1_2' title="bbox 528 2117 670 2194; baseline -0.007 -3"><span class='ocrx_word' id='word_1_2' title='bbox 528 2117 670 2194; x_wconf 71' lang='lat'><strong>⁴20</strong></span> 
     </span>
    </p>
   </div>
   <div class='ocr_carea' id='block_1_3' title="bbox 527 2694 670 2771">
    <p class='ocr_par' dir='ltr' id='par_1_3' title="bbox 527 2694 670 2771">
     <span class='ocr_line' id='line_1_3' title="bbox 527 2694 670 2771; baseline 0.014 -4"><span class='ocrx_word' id='word_1_3' title='bbox 527 2694 670 2771; x_wconf 71' lang='lat'><strong>⁴25</strong></span> 
     </span>
    </p>
   </div>
   <div class='ocr_carea' id='block_1_4' title="bbox 526 3276 666 3347">
    <p class='ocr_par' dir='ltr' id='par_1_4' title="bbox 526 3276 666 3347">
     <span class='ocr_line' id='line_1_4' title="bbox 526 3276 666 3347; baseline -0.007 0"><span class='ocrx_word' id='word_1_4' title='bbox 526 3276 666 3347; x_wconf 71' lang='lat'><strong>⁴30</strong></span> 
     </span>
    </p>
   </div>
   <div class='ocr_carea' id='block_1_5' title="bbox 526 3853 668 3925">
    <p class='ocr_par' dir='ltr' id='par_1_5' title="bbox 526 3853 668 3925">
     <span class='ocr_line' id='line_1_5' title="bbox 526 3853 668 3925; baseline 0 -1"><span class='ocrx_word' id='word_1_5' title='bbox 526 3853 668 3925; x_wconf 70' lang='lat'><strong>⁴35</strong></span> 
     </span>
    </p>
   </div>
   <div class='ocr_carea' id='block_1_6' title="bbox 1403 582 1770 637">
    <p class='ocr_par' dir='ltr' id='par_1_6' title="bbox 1403 582 1770 637">
     <span class='ocr_line' id='line_1_6' title="bbox 1403 582 1770 637; baseline 0 0"><span class='ocrx_word' id='word_1_6' title='bbox 1403 582 1770 637; x_wconf 57' lang='lat' dir='ltr'><strong>mmmmm</strong></span> 
     </span>
    </p>
   </div>
   <div class='ocr_carea' id='block_1_7' title="bbox 823 688 2439 1027">
    <p class='ocr_par' dir='ltr' id='par_1_7' title="bbox 823 688 2439 1027">
     <span class='ocr_line' id='line_1_7' title="bbox 823 688 2409 819; baseline 0 -24"><span class='ocrx_word' id='word_1_7' title='bbox 823 722 1051 797; x_wconf 91' lang='lat' dir='ltr'><strong>donec</strong></span> <span class='ocrx_word' id='word_1_8' title='bbox 1085 720 1508 795; x_wconf 81' lang='lat' dir='ltr'><strong>alterutrum</strong></span> <span class='ocrx_word' id='word_1_9' title='bbox 1544 745 1621 794; x_wconf 89' lang='lat' dir='ltr'><strong>se</strong></span> <span class='ocrx_word' id='word_1_10' title='bbox 1657 718 1935 819; x_wconf 80' lang='lat' dir='ltr'><strong>possint</strong></span> <span class='ocrx_word' id='word_1_11' title='bbox 1969 719 2256 818; x_wconf 81' lang='lat' dir='ltr'><strong>alloqui.</strong></span> <span class='ocrx_word' id='word_1_12' title='bbox 2402 688 2409 695; x_wconf 33' lang='lat'><em>⁶</em></span> 
     </span>
     <span class='ocr_line' id='line_1_8' title="bbox 921 835 2439 935; baseline -0.001 -24"><span class='ocrx_word' id='word_1_13' title='bbox 921 836 1305 935; x_wconf 87' lang='lat' dir='ltr'><strong>Presulque</strong></span> <span class='ocrx_word' id='word_1_14' title='bbox 1340 835 1702 911; x_wconf 86' lang='lat' dir='ltr'><strong>consultus</strong></span> <span class='ocrx_word' id='word_1_15' title='bbox 1737 861 1781 910; x_wconf 89' lang='lat' dir='ltr'><strong>a</strong></span> <span class='ocrx_word' id='word_1_16' title='bbox 1812 854 2120 935; x_wconf 81' lang='lat' dir='ltr'><strong>nequam</strong></span> <span class='ocrx_word' id='word_1_17' title='bbox 2154 836 2439 910; x_wconf 90' lang='lat' dir='ltr'><strong>homine</strong></span> 
     </span>
     <span class='ocr_line' id='line_1_9' title="bbox 824 950 1933 1027; baseline 0 0"><span class='ocrx_word' id='word_1_18' title='bbox 824 952 1048 1027; x_wconf 90' lang='lat' dir='ltr'><strong>noluit</strong></span> <span class='ocrx_word' id='word_1_19' title='bbox 1081 951 1346 1027; x_wconf 81' lang='lat' dir='ltr'><strong>trevias</strong></span> <span class='ocrx_word' id='word_1_20' title='bbox 1379 951 1477 1026; x_wconf 86' lang='lat' dir='ltr'><strong>illi</strong></span> <span class='ocrx_word' id='word_1_21' title='bbox 1513 950 1933 1027; x_wconf 72' lang='lat' dir='ltr'>concedere.</span> 
     </span>
    </p>
   </div>
   <div class='ocr_carea' id='block_1_8' title="bbox 1093 1197 2074 1280">
    <p class='ocr_par' dir='ltr' id='par_1_8' title="bbox 1093 1197 2074 1280">
     <span class='ocr_line' id='line_1_10' title="bbox 1093 1197 2074 1280; baseline -0.002 -14"><span class='ocrx_word' id='word_1_22' title='bbox 1093 1199 1219 1266; x_wconf 84' lang='lat' dir='ltr'><strong>Do</strong></span> <span class='ocrx_word' id='word_1_23' title='bbox 1272 1197 1615 1266; x_wconf 74' lang='lat' dir='ltr'><strong>castelli</strong></span> <span class='ocrx_word' id='word_1_24' title='bbox 1665 1197 2074 1280; x_wconf 73' lang='lat' dir='ltr'><strong>captione.</strong></span> 
     </span>
    </p>
   </div>
   <div class='ocr_carea' id='block_1_9' title="bbox 815 1418 2499 4067">
    <p class='ocr_par' dir='ltr' id='par_1_9' title="bbox 818 1418 2426 1635">
     <span class='ocr_line' id='line_1_11' title="bbox 917 1418 2426 1509; baseline -0.001 -14"><span class='ocrx_word' id='word_1_25' title='bbox 917 1418 1276 1495; x_wconf 74' lang='lat' dir='ltr'><strong>Get-ardus</strong></span> <span class='ocrx_word' id='word_1_26' title='bbox 1312 1418 1476 1495; x_wconf 87' lang='lat' dir='ltr'><strong>hinc</strong></span> <span class='ocrx_word' id='word_1_27' title='bbox 1510 1418 1618 1493; x_wconf 83' lang='lat' dir='ltr'><strong>ira</strong></span> <span class='ocrx_word' id='word_1_28' title='bbox 1652 1428 2055 1495; x_wconf 85' lang='lat' dir='ltr'><strong>commotus</strong></span> <span class='ocrx_word' id='word_1_29' title='bbox 2090 1418 2426 1509; x_wconf 83' lang='lat' dir='ltr'><strong>maxima,</strong></span> 
     </span>
     <span class='ocr_line' id='line_1_12' title="bbox 818 1534 2293 1635; baseline 0.003 -28"><span class='ocrx_word' id='word_1_30' title='bbox 818 1543 1121 1635; x_wconf 90' lang='lat' dir='ltr'><strong>propter</strong></span> <span class='ocrx_word' id='word_1_31' title='bbox 1154 1535 1291 1610; x_wconf 91' lang='lat' dir='ltr'><strong>hoc</strong></span> <span class='ocrx_word' id='word_1_32' title='bbox 1327 1535 1400 1610; x_wconf 89' lang='lat' dir='ltr'><strong>in</strong></span> <span class='ocrx_word' id='word_1_33' title='bbox 1437 1534 1639 1610; x_wconf 81' lang='lat' dir='ltr'><strong>brevi</strong></span> <span class='ocrx_word' id='word_1_34' title='bbox 1676 1543 2006 1635; x_wconf 87' lang='lat' dir='ltr'><strong>tempore</strong></span> <span class='ocrx_word' id='word_1_35' title='bbox 2042 1544 2293 1635; x_wconf 88' lang='lat' dir='ltr'><strong>postea</strong></span> 
     </span>
    </p>

    <p class='ocr_par' dir='ltr' id='par_1_10' title="bbox 818 1650 2429 1865">
     <span class='ocr_line' id='line_1_13' title="bbox 912 1650 2429 1750; baseline 0.003 -26"><span class='ocrx_word' id='word_1_36' title='bbox 912 1650 1207 1725; x_wconf 89' lang='lat' dir='ltr'><strong>mandat</strong></span> <span class='ocrx_word' id='word_1_37' title='bbox 1239 1657 1314 1724; x_wconf 87' lang='lat' dir='ltr'><strong>et</strong></span> <span class='ocrx_word' id='word_1_38' title='bbox 1349 1657 1737 1750; x_wconf 84' lang='lat' dir='ltr'><strong>congregat</strong></span> <span class='ocrx_word' id='word_1_39' title='bbox 1771 1650 2036 1725; x_wconf 89' lang='lat' dir='ltr'><strong>multos</strong></span> <span class='ocrx_word' id='word_1_40' title='bbox 2070 1651 2429 1740; x_wconf 78' lang='lat' dir='ltr'><strong>satelliteS,</strong></span> 
     </span>
     <span class='ocr_line' id='line_1_14' title="bbox 818 1764 2228 1865; baseline 0.001 -25"><span class='ocrx_word' id='word_1_41' title='bbox 818 1765 1096 1864; x_wconf 88' lang='lat' dir='ltr'><strong>copiam</strong></span> <span class='ocrx_word' id='word_1_42' title='bbox 1133 1765 1457 1864; x_wconf 88' lang='lat' dir='ltr'><strong>peditum</strong></span> <span class='ocrx_word' id='word_1_43' title='bbox 1492 1764 1907 1865; x_wconf 78' lang='lat' dir='ltr'>probosque</span> <span class='ocrx_word' id='word_1_44' title='bbox 1940 1765 2228 1842; x_wconf 90' lang='lat' dir='ltr'><strong>milites.</strong></span> 
     </span>
    </p>

    <p class='ocr_par' dir='ltr' id='par_1_11' title="bbox 818 1880 2331 2100">
     <span class='ocr_line' id='line_1_15' title="bbox 916 1880 2322 1981; baseline -0.001 -23"><span class='ocrx_word' id='word_1_45' title='bbox 916 1882 1216 1958; x_wconf 87' lang='lat' dir='ltr'><strong>Castello</strong></span> <span class='ocrx_word' id='word_1_46' title='bbox 1251 1881 1559 1980; x_wconf 89' lang='lat' dir='ltr'><strong>presulis</strong></span> <span class='ocrx_word' id='word_1_47' title='bbox 1593 1882 1941 1956; x_wconf 81' lang='lat' dir='ltr'><strong>assultum</strong></span> <span class='ocrx_word' id='word_1_48' title='bbox 1973 1880 2263 1981; x_wconf 82' lang='lat' dir='ltr'><strong>prebuit</strong></span> <span class='ocrx_word' id='word_1_49' title='bbox 2305 1907 2322 1956; x_wconf 76' lang='lat' dir='ltr'><em>z</em></span> 
     </span>
     <span class='ocr_line' id='line_1_16' title="bbox 818 1996 2331 2100; baseline -0.001 -27"><span class='ocrx_word' id='word_1_50' title='bbox 818 1997 1012 2098; x_wconf 91' lang='lat' dir='ltr'><strong>quod</strong></span> <span class='ocrx_word' id='word_1_51' title='bbox 1048 2023 1181 2096; x_wconf 87' lang='lat' dir='ltr'><strong>per</strong></span> <span class='ocrx_word' id='word_1_52' title='bbox 1213 1998 1364 2072; x_wconf 85' lang='lat' dir='ltr'><strong>vim</strong></span> <span class='ocrx_word' id='word_1_53' title='bbox 1398 2006 1473 2073; x_wconf 90' lang='lat' dir='ltr'><strong>et</strong></span> <span class='ocrx_word' id='word_1_54' title='bbox 1504 1997 1745 2100; x_wconf 84' lang='lat' dir='ltr'>ignem</span> <span class='ocrx_word' id='word_1_55' title='bbox 1778 1996 1987 2073; x_wconf 91' lang='lat' dir='ltr'><strong>citius</strong></span> <span class='ocrx_word' id='word_1_56' title='bbox 2022 1996 2331 2073; x_wconf 69' lang='lat' dir='ltr'><strong>habuiv.</strong></span> 
     </span>
    </p>

    <p class='ocr_par' dir='ltr' id='par_1_12' title="bbox 816 2113 2180 2329">
     <span class='ocr_line' id='line_1_17' title="bbox 916 2113 2148 2214; baseline -0.002 -24"><span class='ocrx_word' id='word_1_57' title='bbox 916 2114 1196 2203; x_wconf 86' lang='lat' dir='ltr'><strong>Audite,</strong></span> <span class='ocrx_word' id='word_1_58' title='bbox 1237 2123 1635 2214; x_wconf 77' lang='lat' dir='ltr'><strong>presentes,</strong></span> <span class='ocrx_word' id='word_1_59' title='bbox 1679 2113 1899 2191; x_wconf 84' lang='lat' dir='ltr'><strong>futuri</strong></span> <span class='ocrx_word' id='word_1_60' title='bbox 1935 2113 2148 2188; x_wconf 87' lang='lat' dir='ltr'><strong>etiam</strong></span> 
     </span>
     <span class='ocr_line' id='line_1_18' title="bbox 816 2228 2180 2329; baseline -0.001 -25"><span class='ocrx_word' id='word_1_61' title='bbox 816 2230 1085 2329; x_wconf 88' lang='lat' dir='ltr'><strong>accepti</strong></span> <span class='ocrx_word' id='word_1_62' title='bbox 1123 2229 1386 2304; x_wconf 79' lang='lat' dir='ltr'><strong>castelli</strong></span> <span class='ocrx_word' id='word_1_63' title='bbox 1423 2254 1670 2306; x_wconf 89' lang='lat' dir='ltr'><strong>casum</strong></span> <span class='ocrx_word' id='word_1_64' title='bbox 1702 2228 2120 2304; x_wconf 83' lang='lat' dir='ltr'><strong>horribilem</strong></span> <span class='ocrx_word' id='word_1_65' title='bbox 2163 2254 2180 2302; x_wconf 71' lang='grc' dir='ltr'><strong>ε</strong></span> 
     </span>
    </p>

    <p class='ocr_par' dir='ltr' id='par_1_13' title="bbox 815 2344 2391 2561">
     <span class='ocr_line' id='line_1_19' title="bbox 918 2344 2290 2445; baseline 0 -25"><span class='ocrx_word' id='word_1_66' title='bbox 918 2370 1084 2420; x_wconf 87' lang='lat' dir='ltr'><strong>nam</strong></span> <span class='ocrx_word' id='word_1_67' title='bbox 1119 2345 1220 2422; x_wconf 91' lang='lat' dir='ltr'><strong>ibi</strong></span> <span class='ocrx_word' id='word_1_68' title='bbox 1255 2346 1628 2445; x_wconf 91' lang='lat' dir='ltr'><strong>utriusque</strong></span> <span class='ocrx_word' id='word_1_69' title='bbox 1663 2368 1882 2423; x_wconf 84' lang='lat' dir='ltr'><strong>sexus</strong></span> <span class='ocrx_word' id='word_1_70' title='bbox 1915 2344 2290 2421; x_wconf 90' lang='lat' dir='ltr'><strong>combusta</strong></span> 
     </span>
     <span class='ocr_line' id='line_1_20' title="bbox 815 2461 2391 2561; baseline 0 -25"><span class='ocrx_word' id='word_1_71' title='bbox 815 2461 1105 2536; x_wconf 73' lang='lat' dir='ltr'><strong>fuerumt</strong></span> <span class='ocrx_word' id='word_1_72' title='bbox 1138 2462 1443 2561; x_wconf 85' lang='lat' dir='ltr'><strong>amplius</strong></span> <span class='ocrx_word' id='word_1_73' title='bbox 1478 2488 1696 2561; x_wconf 89' lang='lat' dir='ltr'><strong>quam</strong></span> <span class='ocrx_word' id='word_1_74' title='bbox 1731 2471 2023 2539; x_wconf 87' lang='lat' dir='ltr'><strong>centum</strong></span> <span class='ocrx_word' id='word_1_75' title='bbox 2058 2485 2391 2560; x_wconf 84' lang='lat' dir='ltr'><strong>corpora.</strong></span> 
     </span>
    </p>

    <p class='ocr_par' dir='ltr' id='par_1_14' title="bbox 818 2576 2499 2795">
     <span class='ocr_line' id='line_1_21' title="bbox 917 2576 2499 2677; baseline -0.001 -25"><span class='ocrx_word' id='word_1_76' title='bbox 917 2579 1093 2652; x_wconf 87' lang='lat' dir='ltr'><strong>Cum</strong></span> <span class='ocrx_word' id='word_1_77' title='bbox 1127 2577 1292 2651; x_wconf 84' lang='lat' dir='ltr'><strong>villa</strong></span> <span class='ocrx_word' id='word_1_78' title='bbox 1327 2602 1530 2653; x_wconf 87' lang='lat' dir='ltr'><strong>arsae</strong></span> <span class='ocrx_word' id='word_1_79' title='bbox 1566 2587 1733 2653; x_wconf 90' lang='lat' dir='ltr'><strong>sunt</strong></span> <span class='ocrx_word' id='word_1_80' title='bbox 1767 2579 2086 2677; x_wconf 88' lang='lat' dir='ltr'><strong>quinque</strong></span> <span class='ocrx_word' id='word_1_81' title='bbox 2123 2576 2499 2654; x_wconf 77' lang='lat' dir='ltr'><strong>aecclesiae</strong></span> 
     </span>
     <span class='ocr_line' id='line_1_22' title="bbox 818 2694 2157 2795; baseline 0.001 -27"><span class='ocrx_word' id='word_1_82' title='bbox 818 2700 892 2768; x_wconf 89' lang='lat' dir='ltr'><strong>et</strong></span> <span class='ocrx_word' id='word_1_83' title='bbox 926 2717 1090 2784; x_wconf 85' lang='lat' dir='ltr'><strong>cum</strong></span> <span class='ocrx_word' id='word_1_84' title='bbox 1124 2694 1436 2771; x_wconf 89' lang='lat' dir='ltr'><strong>ecclesiis</strong></span> <span class='ocrx_word' id='word_1_85' title='bbox 1473 2700 1757 2769; x_wconf 88' lang='lat' dir='ltr'><strong>sanctae</strong></span> <span class='ocrx_word' id='word_1_86' title='bbox 1793 2695 2157 2795; x_wconf 87' lang='lat' dir='ltr'><strong>reliquiae,</strong></span> 
     </span>
    </p>

    <p class='ocr_par' dir='ltr' id='par_1_15' title="bbox 817 2810 2394 3023">
     <span class='ocr_line' id='line_1_23' title="bbox 918 2810 2394 2911; baseline 0 -26"><span class='ocrx_word' id='word_1_87' title='bbox 918 2819 994 2885; x_wconf 90' lang='lat' dir='ltr'><strong>et</strong></span> <span class='ocrx_word' id='word_1_88' title='bbox 1026 2834 1291 2911; x_wconf 87' lang='lat' dir='ltr'><strong>corpus</strong></span> <span class='ocrx_word' id='word_1_89' title='bbox 1322 2810 1600 2887; x_wconf 90' lang='lat' dir='ltr'><strong>Domini</strong></span> <span class='ocrx_word' id='word_1_90' title='bbox 1632 2810 1731 2885; x_wconf 89' lang='lat' dir='ltr'><strong>ibi</strong></span> <span class='ocrx_word' id='word_1_91' title='bbox 1767 2811 2223 2886; x_wconf 87' lang='lat' dir='ltr'><strong>combustum</strong></span> <span class='ocrx_word' id='word_1_92' title='bbox 2257 2818 2394 2899; x_wconf 89' lang='lat' dir='ltr'><strong>est,</strong></span> 
     </span>
     <span class='ocr_line' id='line_1_24' title="bbox 817 2923 2286 3023; baseline -0.001 -23"><span class='ocrx_word' id='word_1_93' title='bbox 817 2923 917 3000; x_wconf 91' lang='lat' dir='ltr'><strong>ibi</strong></span> <span class='ocrx_word' id='word_1_94' title='bbox 953 2927 1397 3001; x_wconf 85' lang='lat' dir='ltr'><strong>comburitur</strong></span> <span class='ocrx_word' id='word_1_95' title='bbox 1431 2935 1504 2999; x_wconf 90' lang='lat' dir='ltr'><strong>et</strong></span> <span class='ocrx_word' id='word_1_96' title='bbox 1540 2925 1832 3023; x_wconf 86' lang='lat' dir='ltr'><strong>quidam</strong></span> <span class='ocrx_word' id='word_1_97' title='bbox 1868 2924 2226 3022; x_wconf 84' lang='lat' dir='ltr'><strong>presbiter</strong></span> <span class='ocrx_word' id='word_1_98' title='bbox 2269 2951 2286 2999; x_wconf 78' lang='lat' dir='ltr'><strong>t</strong></span> 
     </span>
    </p>

    <p class='ocr_par' dir='ltr' id='par_1_16' title="bbox 815 3039 2286 3256">
     <span class='ocr_line' id='line_1_25' title="bbox 913 3039 2286 3142; baseline -0.001 -26"><span class='ocrx_word' id='word_1_99' title='bbox 913 3051 987 3117; x_wconf 90' lang='lat' dir='ltr'><strong>et</strong></span> <span class='ocrx_word' id='word_1_100' title='bbox 1020 3041 1112 3116; x_wconf 91' lang='lat' dir='ltr'><strong>de</strong></span> <span class='ocrx_word' id='word_1_101' title='bbox 1150 3050 1382 3116; x_wconf 83' lang='lat' dir='ltr'><strong>morte</strong></span> <span class='ocrx_word' id='word_1_102' title='bbox 1417 3040 1601 3142; x_wconf 82' lang='lat' dir='ltr'><strong>ignis</strong></span> <span class='ocrx_word' id='word_1_103' title='bbox 1636 3048 1927 3140; x_wconf 91' lang='lat' dir='ltr'><strong>ereptos</strong></span> <span class='ocrx_word' id='word_1_104' title='bbox 1962 3039 2286 3115; x_wconf 86' lang='lat' dir='ltr'><strong>homines</strong></span> 
     </span>
     <span class='ocr_line' id='line_1_26' title="bbox 815 3156 2204 3256; baseline 0 -24"><span class='ocrx_word' id='word_1_105' title='bbox 815 3157 947 3232; x_wconf 90' lang='lat' dir='ltr'><strong>hac</strong></span> <span class='ocrx_word' id='word_1_106' title='bbox 980 3157 1135 3232; x_wconf 91' lang='lat' dir='ltr'><strong>illac</strong></span> <span class='ocrx_word' id='word_1_107' title='bbox 1171 3156 1538 3256; x_wconf 89' lang='lat' dir='ltr'><strong>dispersos</strong></span> <span class='ocrx_word' id='word_1_108' title='bbox 1575 3157 1865 3255; x_wconf 88' lang='lat' dir='ltr'><strong>capiunt</strong></span> <span class='ocrx_word' id='word_1_109' title='bbox 1902 3157 2204 3255; x_wconf 81' lang='lat' dir='ltr'><strong>equites.</strong></span> 
     </span>
    </p>

    <p class='ocr_par' dir='ltr' id='par_1_17' title="bbox 815 3272 2235 3491">
     <span class='ocr_line' id='line_1_27' title="bbox 915 3272 2235 3374; baseline -0.002 -24"><span class='ocrx_word' id='word_1_110' title='bbox 915 3278 1075 3350; x_wconf 81' lang='lat' dir='ltr'><strong>Mox</strong></span> <span class='ocrx_word' id='word_1_111' title='bbox 1113 3274 1514 3374; x_wconf 84' lang='lat' dir='ltr'><strong>expoliatur</strong></span> <span class='ocrx_word' id='word_1_112' title='bbox 1550 3274 1916 3349; x_wconf 86' lang='lat' dir='ltr'><strong>castellum</strong></span> <span class='ocrx_word' id='word_1_113' title='bbox 1952 3272 2235 3374; x_wconf 88' lang='lat' dir='ltr'><strong>penitus</strong></span> 
     </span>
     <span class='ocr_line' id='line_1_28' title="bbox 815 3390 2076 3491; baseline 0.001 -26"><span class='ocrx_word' id='word_1_114' title='bbox 815 3400 1137 3491; x_wconf 84' lang='lat' dir='ltr'><strong>argento,</strong></span> <span class='ocrx_word' id='word_1_115' title='bbox 1182 3390 1455 3481; x_wconf 84' lang='lat' dir='ltr'><strong>bestiis,</strong></span> <span class='ocrx_word' id='word_1_116' title='bbox 1499 3390 2076 3489; x_wconf 87' lang='lat' dir='ltr'><strong>supellectilibus.</strong></span> 
     </span>
    </p>

    <p class='ocr_par' dir='ltr' id='par_1_18' title="bbox 817 3505 2248 3721">
     <span class='ocr_line' id='line_1_29' title="bbox 914 3505 2131 3603; baseline 0.001 -23"><span class='ocrx_word' id='word_1_117' title='bbox 914 3505 1272 3581; x_wconf 88' lang='lat' dir='ltr'><strong>Gerardus</strong></span> <span class='ocrx_word' id='word_1_118' title='bbox 1308 3505 1513 3581; x_wconf 89' lang='lat' dir='ltr'><strong>istius</strong></span> <span class='ocrx_word' id='word_1_119' title='bbox 1549 3515 1764 3603; x_wconf 90' lang='lat' dir='ltr'><strong>caput</strong></span> <span class='ocrx_word' id='word_1_120' title='bbox 1797 3506 2131 3595; x_wconf 87' lang='lat' dir='ltr'><strong>malitiae,</strong></span> 
     </span>
     <span class='ocr_line' id='line_1_30' title="bbox 817 3620 2248 3721; baseline 0.001 -26"><span class='ocrx_word' id='word_1_121' title='bbox 817 3644 1123 3718; x_wconf 89' lang='lat' dir='ltr'><strong>nequam</strong></span> <span class='ocrx_word' id='word_1_122' title='bbox 1156 3621 1538 3721; x_wconf 87' lang='lat' dir='ltr'><strong>parricida,</strong></span> <span class='ocrx_word' id='word_1_123' title='bbox 1580 3630 1830 3696; x_wconf 88' lang='lat' dir='ltr'><strong>auctor</strong></span> <span class='ocrx_word' id='word_1_124' title='bbox 1864 3620 2248 3720; x_wconf 88' lang='lat' dir='ltr'><strong>nequitiae,</strong></span> 
     </span>
    </p>

    <p class='ocr_par' dir='ltr' id='par_1_19' title="bbox 817 3735 2256 3953">
     <span class='ocr_line' id='line_1_31' title="bbox 913 3735 2256 3836; baseline -0.001 -24"><span class='ocrx_word' id='word_1_125' title='bbox 913 3736 1277 3812; x_wconf 87' lang='lat' dir='ltr'><strong>castellum</strong></span> <span class='ocrx_word' id='word_1_126' title='bbox 1312 3735 1575 3810; x_wconf 87' lang='lat' dir='ltr'><strong>retinet</strong></span> <span class='ocrx_word' id='word_1_127' title='bbox 1610 3736 1681 3810; x_wconf 90' lang='lat' dir='ltr'><strong>in</strong></span> <span class='ocrx_word' id='word_1_128' title='bbox 1715 3759 1931 3811; x_wconf 89' lang='lat' dir='ltr'><strong>manu</strong></span> <span class='ocrx_word' id='word_1_129' title='bbox 1962 3737 2256 3836; x_wconf 89' lang='lat' dir='ltr'><strong>propria</strong></span> 
     </span>
     <span class='ocr_line' id='line_1_32' title="bbox 817 3852 2120 3953; baseline 0 -26"><span class='ocrx_word' id='word_1_130' title='bbox 817 3860 890 3927; x_wconf 87' lang='lat' dir='ltr'><strong>et</strong></span> <span class='ocrx_word' id='word_1_131' title='bbox 926 3852 1111 3928; x_wconf 89' lang='lat' dir='ltr'><strong>bona</strong></span> <span class='ocrx_word' id='word_1_132' title='bbox 1145 3853 1452 3953; x_wconf 89' lang='lat' dir='ltr'><strong>presulis</strong></span> <span class='ocrx_word' id='word_1_133' title='bbox 1486 3862 1785 3951; x_wconf 89' lang='lat' dir='ltr'><strong>usurpat</strong></span> <span class='ocrx_word' id='word_1_134' title='bbox 1821 3854 2060 3928; x_wconf 89' lang='lat' dir='ltr'><strong>omnia</strong></span> <span class='ocrx_word' id='word_1_135' title='bbox 2104 3880 2120 3927; x_wconf 78' lang='lat' dir='ltr'><em>z</em></span> 
     </span>
    </p>

    <p class='ocr_par' dir='ltr' id='par_1_20' title="bbox 911 3968 2309 4067">
     <span class='ocr_line' id='line_1_33' title="bbox 911 3968 2309 4067; baseline 0 -25"><span class='ocrx_word' id='word_1_136' title='bbox 911 3968 1138 4059; x_wconf 83' lang='lat' dir='ltr'><strong>villas,</strong></span> <span class='ocrx_word' id='word_1_137' title='bbox 1180 3968 1578 4059; x_wconf 89' lang='lat' dir='ltr'><strong>aecclesias,</strong></span> <span class='ocrx_word' id='word_1_138' title='bbox 1620 3994 1844 4067; x_wconf 88' lang='lat' dir='ltr'><strong>aquas</strong></span> <span class='ocrx_word' id='word_1_139' title='bbox 1880 3977 1954 4044; x_wconf 89' lang='lat' dir='ltr'><strong>et</strong></span> <span class='ocrx_word' id='word_1_140' title='bbox 1988 3992 2309 4057; x_wconf 86' lang='lat' dir='ltr'><strong>nemora,</strong></span> 
     </span>
    </p>
   </div>
   <div class='ocr_carea' id='block_1_10' title="bbox 2562 589 2652 642">
    <p class='ocr_par' dir='ltr' id='par_1_21' title="bbox 2562 589 2652 642">
     <span class='ocr_line' id='line_1_34' title="bbox 2562 589 2652 642; baseline 0.011 -1"><span class='ocrx_word' id='word_1_141' title='bbox 2562 589 2652 642; x_wconf 77' lang='lat'><strong>163</strong></span> 
     </span>
    </p>
   </div>
   <div class='ocr_carea' id='block_1_11' title="bbox 520 4246 2642 4414">
    <p class='ocr_par' dir='ltr' id='par_1_22' title="bbox 520 4246 2642 4414">
     <span class='ocr_line' id='line_1_35' title="bbox 591 4246 2642 4326; baseline -0 -20"><span class='ocrx_word' id='word_1_142' title='bbox 591 4250 645 4307; x_wconf 73' lang='lat'><strong>1.</strong></span> <span class='ocrx_word' id='word_1_143' title='bbox 684 4248 770 4307; x_wconf 79' lang='lat' dir='ltr'><strong>La</strong></span> <span class='ocrx_word' id='word_1_144' title='bbox 795 4249 949 4323; x_wconf 82' lang='lat' dir='ltr'><strong>prise</strong></span> <span class='ocrx_word' id='word_1_145' title='bbox 975 4248 1054 4307; x_wconf 85' lang='lat' dir='ltr'><strong>du</strong></span> <span class='ocrx_word' id='word_1_146' title='bbox 1074 4249 1640 4310; x_wconf 65' lang='lat' dir='ltr'><strong>Cama-Camhresis</strong></span> <span class='ocrx_word' id='word_1_147' title='bbox 1667 4267 1769 4326; x_wconf 88' lang='lat' dir='ltr'><strong>par</strong></span> <span class='ocrx_word' id='word_1_148' title='bbox 1798 4250 2017 4308; x_wconf 70' lang='lat' dir='ltr'><strong>Gerard</strong></span> <span class='ocrx_word' id='word_1_149' title='bbox 2045 4248 2371 4308; x_wconf 71' lang='lat' dir='ltr'><strong>Maufilatre</strong></span> <span class='ocrx_word' id='word_1_150' title='bbox 2397 4254 2498 4306; x_wconf 85' lang='lat' dir='ltr'><strong>eut</strong></span> <span class='ocrx_word' id='word_1_151' title='bbox 2529 4246 2642 4305; x_wconf 83' lang='lat' dir='ltr'><strong>lieu</strong></span> 
     </span>
     <span class='ocr_line' id='line_1_36' title="bbox 520 4337 2139 4414; baseline 0.001 -21"><span class='ocrx_word' id='word_1_152' title='bbox 520 4338 574 4396; x_wconf 90' lang='lat' dir='ltr'><strong>le</strong></span> <span class='ocrx_word' id='word_1_153' title='bbox 600 4338 669 4395; x_wconf 75' lang='lat'><strong>27</strong></span> <span class='ocrx_word' id='word_1_154' title='bbox 700 4337 846 4395; x_wconf 79' lang='lat' dir='ltr'><strong>avril</strong></span> <span class='ocrx_word' id='word_1_155' title='bbox 877 4338 1013 4395; x_wconf 80' lang='lat'><strong>1133</strong></span> <span class='ocrx_word' id='word_1_156' title='bbox 1043 4337 1273 4411; x_wconf 77' lang='lat' dir='ltr'><strong>(Chron.</strong></span> <span class='ocrx_word' id='word_1_157' title='bbox 1303 4340 1362 4397; x_wconf 89' lang='lat' dir='ltr'><strong>S.</strong></span> <span class='ocrx_word' id='word_1_158' title='bbox 1399 4339 1608 4411; x_wconf 65' lang='lat' dir='ltr'><strong>Andr„</strong></span> <span class='ocrx_word' id='word_1_159' title='bbox 1637 4339 1747 4412; x_wconf 87' lang='grc' dir='ltr'><strong>ΠΙ,</strong></span> <span class='ocrx_word' id='word_1_160' title='bbox 1782 4340 1871 4412; x_wconf 84' lang='grc'><strong>39,</strong></span> <span class='ocrx_word' id='word_1_161' title='bbox 1903 4357 1960 4414; x_wconf 89' lang='lat' dir='ltr'><strong>p.</strong></span> <span class='ocrx_word' id='word_1_162' title='bbox 1994 4340 2139 4410; x_wconf 81' lang='lat'><strong>550).</strong></span> 
     </span>
    </p>
   </div>
  </div>
 </body>
</html>
