3558 5493
897 577 983 630 156
1840 573 2042 626 (insu

1181 698 1662 775 Burchardum
1699 706 2065 772 consecrat
2098 698 2169 771 in
2206 697 2330 773 Dei
2366 698 2649 774 nomine

1037 910 1051 922 ·
1181 814 1450 906 Quirini
1485 813 1796 887 martiris
1832 813 1966 888 sub
2004 813 2264 888 celebri
2303 812 2488 902 die¹,

1181 932 1581 1030 mansitque
1618 928 1918 1004 celebris
1952 929 2023 1003 in
2063 953 2195 1004 suo
2231 939 2582 1029 tempore.

1594 1162 1717 1227 De
1766 1160 2039 1228 reditu
2087 1160 2297 1243 ejus.

947 1360 1037 1430 89
1286 1361 1635 1454 Regresso
1673 1354 1888 1454 igitur
1920 1353 2011 1428 ad
2049 1354 2296 1429 sedem
2331 1354 2698 1455 propriam

1180 1468 1475 1570 subjecti
1510 1468 1872 1544 celebrant
1905 1493 2235 1571 magnam
2271 1469 2597 1557 leticiam,

1181 1611 1318 1687 pro
1354 1586 1562 1686 cujus·
1586 1585 1846 1686 gaudio
1877 1585 2025 1685 jam
2062 1593 2259 1660 retro
2296 1585 2607 1660 habitam

1180 1710 1406 1777 totam
1442 1701 1638 1776 obliti
1679 1710 1847 1777 sunt
1882 1702 2127 1776 suam²
2164 1701 2581 1777 mesticiam.

942 1822 1035 1891 90
1279 1816 1638 1891 Perfectus
1674 1817 1997 1915 pontifex
2036 1815 2314 1891 favente
2351 1815 2651 1891 Domino

1183 1933 1254 2006 in
1292 1932 1461 2007 sede
1497 1931 1788 2029 ponitur
1822 1932 2095 2005 honore
2129 1931 2443 2005 maximo
2489 1959 2504 2004 ε

1181 2047 1704 2145 amplectuntur
1739 2070 1905 2120 eum
1938 2070 2182 2121 amore
2218 2045 2438 2119 nimio

1181 2161 1424 2238 devoti
1459 2161 1695 2236 elerici
1732 2184 1897 2235 cum
1933 2161 2128 2234 omni
2163 2161 2456 2259 populo.

940 2281 1020 2350 91
1280 2275 1427 2351 Sibi
1462 2277 1934 2350 communiter
1968 2275 2328 2375 spondent
2363 2274 2787 2374 obsequium

1181 2399 1395 2489 atque
1431 2390 1920 2490 unusquisque
1955 2391 2079 2489 qui
2113 2399 2311 2465 tenet
2344 2390 2636 2466 feodum

1181 2530 1315 2605 per
1350 2516 1633 2581 sanctos
1669 2531 1835 2581 cum
1868 2505 2011 2580 fide
2042 2505 2237 2605 jurat
2270 2506 2660 2582 hominium

1181 2621 1499 2697 victurus
1535 2621 1627 2696 ad
1666 2646 1877 2696 suum
1912 2621 2130 2696 decus
2166 2629 2241 2695 et
2274 2622 2755 2699 commodum.

1083 2848 1209 2915 De
1255 2847 1884 2930 recuperatione
1928 2850 2324 2916 bonorum
2370 2851 2802 2918 ecclesiae.

941 3045 1037 3120 92
1287 3047 1361 3118 In
1400 3043 1546 3117 suis
1581 3043 1886 3141 denique
1922 3042 2174 3141 primis
2209 3042 2547 3141 operibus

885 3173 892 3178 '
1175 3159 1341 3258 jura
1376 3159 1752 3234 aecclesiae
1790 3159 2024 3256 querit
2058 3157 2438 3256 episcopus

1190 3297 1371 3371 quae
1407 3280 1609 3346 erant
1645 3271 1902 3345 tradita
1940 3271 2500 3369 dispersionibus

1187 3387 1323 3462 sibi
1359 3387 1815 3462 subtrahere³
1854 3386 1945 3461 de
1980 3387 2182 3460 malis
2213 3386 2565 3461 manibus.

947 3505 1044 3577 93
1292 3502 1520 3578 Casati
1557 3502 1819 3577 etenim
1855 3510 1927 3576 et
1962 3501 2252 3601 quidam
2288 3501 2543 3577 milites
2616 3503 2623 3514 '

1189 3617 1417 3705 villas,
1462 3616 1700 3705 silvas,
1742 3642 1989 3714 aquas,
2032 3625 2258 3690 terras
2294 3616 2595 3693 arabiles

1189 3757 1369 3831 quas
1405 3732 1961 3830 occupaverant⁴
2000 3757 2132 3830 per
2168 3731 2589 3821 invasiones,

971 3954 1022 4008 1.
1065 3951 1264 4025 Gomp.
1297 3951 1426 4025 plus
1453 3951 1597 4010 haut
1622 3969 1677 4026 p.
1707 3953 1829 4024 115,
1863 3958 2027 4009 notes
2054 3951 2089 4009 2
2116 3959 2175 4010 et
2201 3951 2254 4009 3.

969 4041 1025 4097 2.
1065 4057 1247 4097 suam.
1281 4039 1441 4098 Dans
1467 4041 1523 4099 le
1549 4058 1661 4098 ms.
1695 4039 2005 4099 au-dessus
2034 4039 2104 4099 de
2132 4039 2188 4098 la
2213 4040 2384 4115 ligne.

971 4129 1023 4186 3.
1063 4131 1402 4187 subtrahere.
1465 4129 1624 4187 Dans
1675 4131 1727 4188 le
1771 4147 1882 4187 ms.
1934 4128 1976 4187 il
2021 4147 2060 4203 y
2105 4145 2140 4187 a
2183 4146 2257 4187 en
2304 4130 2609 4205 interligne
2654 4130 2710 4189 la
2752 4131 3011 4190 variante

903 4220 1259 4286 ressraherel.
2223 4290 2231 4298 ·

972 4307 1026 4363 4.
1066 4311 1499 4394 occupaverant·
1519 4306 1681 4363 Dans
1711 4306 1761 4361 le
1789 4322 1898 4362 ms.
1933 4304 1973 4362 il
2002 4324 2039 4380 y
2067 4305 2222 4363 avait
2248 4305 2478 4364 d’abord
2506 4313 2876 4378 occupaverat.
