<?xml version="1.0" encoding="UTF-8"?>
<!DOCTYPE html PUBLIC "-//W3C//DTD XHTML 1.0 Transitional//EN"
    "http://www.w3.org/TR/xhtml1/DTD/xhtml1-transitional.dtd">
<html xmlns="http://www.w3.org/1999/xhtml" xml:lang="en" lang="en">
 <head>
  <title>
</title>
<meta http-equiv="Content-Type" content="text/html;charset=utf-8" />
  <meta name='ocr-system' content='tesseract 3.04.00' />
  <meta name='ocr-capabilities' content='ocr_page ocr_carea ocr_par ocr_line ocrx_word'/>
</head>
<body>
  <div class='ocr_page' id='page_1' title='image "./gestesdesvquesd00unkngoog_0086.png"; bbox 0 0 3558 5493; ppageno 0'>
   <div class='ocr_carea' id='block_1_1' title="bbox 1009 584 2168 638">
    <p class='ocr_par' dir='ltr' id='par_1_1' title="bbox 1009 584 2168 638">
     <span class='ocr_line' id='line_1_1' title="bbox 1009 584 2168 638; baseline -0.004 0"><span class='ocrx_word' id='word_1_1' title='bbox 1009 586 1071 638; x_wconf 77' lang='lat'><strong>30</strong></span> <span class='ocrx_word' id='word_1_2' title='bbox 1966 584 2168 635; x_wconf 72' lang='lat' dir='ltr'>GESTA</span> 
     </span>
    </p>
   </div>
   <div class='ocr_carea' id='block_1_2' title="bbox 999 716 2659 3452">
    <p class='ocr_par' dir='ltr' id='par_1_2' title="bbox 999 716 2659 3452">
     <span class='ocr_line' id='line_1_2' title="bbox 1446 716 2368 816; baseline -0.002 -24"><span class='ocrx_word' id='word_1_3' title='bbox 1446 725 1732 816; x_wconf 87' lang='lat' dir='ltr'><strong>patrum</strong></span> <span class='ocrx_word' id='word_1_4' title='bbox 1767 716 2335 792; x_wconf 81' lang='lat' dir='ltr'><strong>auctoritatibus¹</strong></span> <span class='ocrx_word' id='word_1_5' title='bbox 2352 772 2368 791; x_wconf 89' lang='lat'><strong>.</strong></span> 
     </span>
     <span class='ocr_line' id='line_1_3' title="bbox 1014 832 2343 935; baseline -0.003 -25"><span class='ocrx_word' id='word_1_6' title='bbox 1014 836 1155 911; x_wconf 71' lang='lat'><strong>⁴64</strong></span> <span class='ocrx_word' id='word_1_7' title='bbox 1546 834 1654 909; x_wconf 87' lang='lat' dir='ltr'><strong>Ab</strong></span> <span class='ocrx_word' id='word_1_8' title='bbox 1689 833 2044 932; x_wconf 78' lang='lat' dir='ltr'><strong>episeopis</strong></span> <span class='ocrx_word' id='word_1_9' title='bbox 2079 832 2296 932; x_wconf 78' lang='lat' dir='ltr'><strong>igitur</strong></span> <span class='ocrx_word' id='word_1_10' title='bbox 2330 920 2343 935; x_wconf 82' lang='lat'>.</span> 
     </span>
     <span class='ocr_line' id='line_1_4' title="bbox 1441 947 2272 1047; baseline 0 -25"><span class='ocrx_word' id='word_1_11' title='bbox 1441 952 1797 1023; x_wconf 72' lang='lat' dir='ltr'><strong>manasses</strong></span> <span class='ocrx_word' id='word_1_12' title='bbox 1832 947 2272 1047; x_wconf 68' lang='lat' dir='ltr'><strong>abjudicatus</strong></span> 
     </span>
     <span class='ocr_line' id='line_1_5' title="bbox 1443 1063 2343 1163; baseline -0.002 -25"><span class='ocrx_word' id='word_1_13' title='bbox 1443 1072 1655 1163; x_wconf 84' lang='lat' dir='ltr'><strong>atque</strong></span> <span class='ocrx_word' id='word_1_14' title='bbox 1690 1063 2343 1139; x_wconf 79' lang='lat' dir='ltr'><strong>excommunicatus</strong></span> 
     </span>
     <span class='ocr_line' id='line_1_6' title="bbox 1441 1178 2407 1279; baseline 0 -27"><span class='ocrx_word' id='word_1_15' title='bbox 1441 1178 1532 1253; x_wconf 88' lang='lat' dir='ltr'><strong>de</strong></span> <span class='ocrx_word' id='word_1_16' title='bbox 1564 1179 1833 1278; x_wconf 86' lang='lat' dir='ltr'><strong>templo</strong></span> <span class='ocrx_word' id='word_1_17' title='bbox 1870 1178 2061 1253; x_wconf 79' lang='lat' dir='ltr'><strong>foras</strong></span> <span class='ocrx_word' id='word_1_18' title='bbox 2095 1179 2407 1279; x_wconf 79' lang='lat' dir='ltr'><strong>pellitur.</strong></span> 
     </span>
     <span class='ocr_line' id='line_1_7' title="bbox 1008 1295 2305 1395; baseline -0.002 -24"><span class='ocrx_word' id='word_1_19' title='bbox 1008 1301 1148 1371; x_wconf 87' lang='grc'><strong>165</strong></span> <span class='ocrx_word' id='word_1_20' title='bbox 1542 1301 1644 1370; x_wconf 80' lang='lat' dir='ltr'><strong>lta</strong></span> <span class='ocrx_word' id='word_1_21' title='bbox 1679 1295 1955 1395; x_wconf 75' lang='lat' dir='ltr'><strong>deJecto</strong></span> <span class='ocrx_word' id='word_1_22' title='bbox 1989 1299 2305 1370; x_wconf 73' lang='lat' dir='ltr'><strong>Manasse</strong></span> 
     </span>
     <span class='ocr_line' id='line_1_8' title="bbox 1438 1409 2197 1509; baseline 0 -24"><span class='ocrx_word' id='word_1_23' title='bbox 1438 1434 1604 1485; x_wconf 85' lang='grc'><strong>011111</strong></span> <span class='ocrx_word' id='word_1_24' title='bbox 1640 1435 1769 1485; x_wconf 82' lang='lat' dir='ltr'><strong>sna</strong></span> <span class='ocrx_word' id='word_1_25' title='bbox 1803 1409 2197 1509; x_wconf 85' lang='lat' dir='ltr'><strong>objectione</strong></span> 
     </span>
     <span class='ocr_line' id='line_1_9' title="bbox 1439 1524 2349 1602; baseline -0.004 0"><span class='ocrx_word' id='word_1_26' title='bbox 1439 1527 1821 1602; x_wconf 81' lang='lat' dir='ltr'><strong>Galcberus</strong></span> <span class='ocrx_word' id='word_1_27' title='bbox 1856 1551 2060 1601; x_wconf 83' lang='lat' dir='ltr'><strong>sacro</strong></span> <span class='ocrx_word' id='word_1_28' title='bbox 2095 1524 2349 1600; x_wconf 83' lang='lat' dir='ltr'><strong>ordine</strong></span> 
     </span>
     <span class='ocr_line' id='line_1_10' title="bbox 1437 1641 2308 1742; baseline -0.003 -24"><span class='ocrx_word' id='word_1_29' title='bbox 1437 1650 1894 1718; x_wconf 80' lang='lat' dir='ltr'><strong>consecratur</strong></span> <span class='ocrx_word' id='word_1_30' title='bbox 1930 1641 2308 1742; x_wconf 75' lang='lat' dir='ltr'><strong>legitime2.</strong></span> 
     </span>
     <span class='ocr_line' id='line_1_11' title="bbox 1006 1756 2659 1857; baseline -0.002 -24"><span class='ocrx_word' id='word_1_31' title='bbox 1006 1764 1143 1834; x_wconf 91' lang='grc'><strong>166</strong></span> <span class='ocrx_word' id='word_1_32' title='bbox 1537 1762 1761 1848; x_wconf 86' lang='lat' dir='ltr'><strong>Quem</strong></span> <span class='ocrx_word' id='word_1_33' title='bbox 1797 1782 2205 1857; x_wconf 83' lang='lat' dir='ltr'><strong>regressum</strong></span> <span class='ocrx_word' id='word_1_34' title='bbox 2236 1756 2329 1830; x_wconf 86' lang='lat' dir='ltr'><strong>ad</strong></span> <span class='ocrx_word' id='word_1_35' title='bbox 2364 1756 2659 1853; x_wconf 87' lang='lat' dir='ltr'><strong>propria</strong></span> 
     </span>
     <span class='ocr_line' id='line_1_12' title="bbox 1435 1871 2397 1973; baseline -0.002 -25"><span class='ocrx_word' id='word_1_36' title='bbox 1435 1874 1745 1973; x_wconf 75' lang='lat' dir='ltr'><strong>suscepit</strong></span> <span class='ocrx_word' id='word_1_37' title='bbox 1783 1873 1984 1972; x_wconf 85' lang='lat' dir='ltr'>plebs</span> <span class='ocrx_word' id='word_1_38' title='bbox 2020 1871 2397 1959; x_wconf 85' lang='lat' dir='ltr'><strong>dominica,</strong></span> 
     </span>
     <span class='ocr_line' id='line_1_13' title="bbox 1435 1988 2230 2089; baseline -0.003 -26"><span class='ocrx_word' id='word_1_39' title='bbox 1435 1989 1624 2065; x_wconf 89' lang='lat' dir='ltr'><strong>laudi</strong></span> <span class='ocrx_word' id='word_1_40' title='bbox 1657 1988 1811 2089; x_wconf 81' lang='lat' dir='ltr'><strong>ejus</strong></span> <span class='ocrx_word' id='word_1_41' title='bbox 1845 1988 2230 2086; x_wconf 81' lang='lat' dir='ltr'><strong>antiphona</strong></span> 
     </span>
     <span class='ocr_line' id='line_1_14' title="bbox 1438 2103 2457 2202; baseline -0.003 -22"><span class='ocrx_word' id='word_1_42' title='bbox 1438 2104 1760 2180; x_wconf 71' lang='lat' dir='ltr'><strong>Christus</strong></span> <span class='ocrx_word' id='word_1_43' title='bbox 1796 2128 2166 2202; x_wconf 65' lang='lat' dir='ltr'><strong>resumens</strong></span> <span class='ocrx_word' id='word_1_44' title='bbox 2200 2103 2457 2201; x_wconf 74' lang='lat' dir='ltr'><strong>posita.</strong></span> 
     </span>
     <span class='ocr_line' id='line_1_15' title="bbox 1002 2219 2452 2296; baseline -0.002 -1"><span class='ocrx_word' id='word_1_45' title='bbox 1002 2226 1140 2295; x_wconf 91' lang='grc'><strong>167</strong></span> <span class='ocrx_word' id='word_1_46' title='bbox 1535 2220 1931 2296; x_wconf 78' lang='lat' dir='ltr'><strong>collocatur</strong></span> <span class='ocrx_word' id='word_1_47' title='bbox 1963 2244 2136 2293; x_wconf 84' lang='lat' dir='ltr'><strong>mox</strong></span> <span class='ocrx_word' id='word_1_48' title='bbox 2173 2220 2244 2292; x_wconf 91' lang='lat' dir='ltr'><strong>in</strong></span> <span class='ocrx_word' id='word_1_49' title='bbox 2282 2219 2452 2293; x_wconf 80' lang='lat' dir='ltr'><strong>sede</strong></span> 
     </span>
     <span class='ocr_line' id='line_1_16' title="bbox 1434 2335 2271 2434; baseline 0 -25"><span class='ocrx_word' id='word_1_50' title='bbox 1434 2335 1860 2434; x_wconf 86' lang='lat' dir='ltr'><strong>pontificalis</strong></span> <span class='ocrx_word' id='word_1_51' title='bbox 1896 2335 2271 2409; x_wconf 77' lang='lat' dir='ltr'><strong>cathedrae</strong></span> 
     </span>
     <span class='ocr_line' id='line_1_17' title="bbox 1432 2450 2221 2550; baseline 0.001 -26"><span class='ocrx_word' id='word_1_52' title='bbox 1432 2451 1523 2525; x_wconf 89' lang='lat' dir='ltr'><strong>ab</strong></span> <span class='ocrx_word' id='word_1_53' title='bbox 1560 2450 1901 2526; x_wconf 82' lang='lat' dir='ltr'><strong>Elinando</strong></span> <span class='ocrx_word' id='word_1_54' title='bbox 1938 2451 2221 2550; x_wconf 74' lang='lat' dir='ltr'><strong>presule</strong></span> 
     </span>
     <span class='ocr_line' id='line_1_18' title="bbox 1435 2566 2354 2642; baseline -0.001 0"><span class='ocrx_word' id='word_1_55' title='bbox 1435 2567 1918 2642; x_wconf 84' lang='lat' dir='ltr'><strong>Laudunensis</strong></span> <span class='ocrx_word' id='word_1_56' title='bbox 1955 2566 2354 2641; x_wconf 61' lang='lat' dir='ltr'><strong>aecclesiae.</strong></span> 
     </span>
     <span class='ocr_line' id='line_1_19' title="bbox 999 2681 2414 2759; baseline -0.001 0"><span class='ocrx_word' id='word_1_57' title='bbox 999 2688 1139 2759; x_wconf 89' lang='grc'><strong>168</strong></span> <span class='ocrx_word' id='word_1_58' title='bbox 1532 2687 1846 2759; x_wconf 87' lang='lat' dir='ltr'><strong>Fuerunt</strong></span> <span class='ocrx_word' id='word_1_59' title='bbox 1880 2708 2130 2759; x_wconf 83' lang='lat' dir='ltr'><strong>omnes</strong></span> <span class='ocrx_word' id='word_1_60' title='bbox 2165 2681 2414 2759; x_wconf 81' lang='lat' dir='ltr'><strong>moniti</strong></span> 
     </span>
     <span class='ocr_line' id='line_1_20' title="bbox 1431 2800 2085 2899; baseline -0.002 -25"><span class='ocrx_word' id='word_1_61' title='bbox 1431 2800 1683 2875; x_wconf 85' lang='lat' dir='ltr'><strong>litteris</strong></span> <span class='ocrx_word' id='word_1_62' title='bbox 1719 2801 2085 2899; x_wconf 81' lang='lat' dir='ltr'><strong>apostolici</strong></span> 
     </span>
     <span class='ocr_line' id='line_1_21' title="bbox 1430 2911 2360 3014; baseline -0.001 -24"><span class='ocrx_word' id='word_1_63' title='bbox 1430 2925 1509 2990; x_wconf 89' lang='lat' dir='ltr'><strong>ut</strong></span> <span class='ocrx_word' id='word_1_64' title='bbox 1542 2915 1682 2991; x_wconf 84' lang='lat' dir='ltr'><strong>sint</strong></span> <span class='ocrx_word' id='word_1_65' title='bbox 1718 2916 2059 2991; x_wconf 83' lang='lat' dir='ltr'><strong>Galchero</strong></span> <span class='ocrx_word' id='word_1_66' title='bbox 2094 2911 2360 3014; x_wconf 80' lang='lat' dir='ltr'><strong>presuli</strong></span> 
     </span>
     <span class='ocr_line' id='line_1_22' title="bbox 1430 3032 2139 3107; baseline 0.001 -2"><span class='ocrx_word' id='word_1_67' title='bbox 1430 3033 1675 3107; x_wconf 83' lang='lat' dir='ltr'><strong>fideles</strong></span> <span class='ocrx_word' id='word_1_68' title='bbox 1712 3041 1785 3106; x_wconf 85' lang='lat' dir='ltr'><strong>et</strong></span> <span class='ocrx_word' id='word_1_69' title='bbox 1821 3032 2139 3106; x_wconf 86' lang='lat' dir='ltr'><strong>obnoxii.</strong></span> 
     </span>
     <span class='ocr_line' id='line_1_23' title="bbox 1001 3146 2398 3222; baseline 0.001 -3"><span class='ocrx_word' id='word_1_70' title='bbox 1001 3149 1141 3220; x_wconf 90' lang='grc'><strong>169</strong></span> <span class='ocrx_word' id='word_1_71' title='bbox 1535 3148 1642 3221; x_wconf 86' lang='lat' dir='ltr'><strong>Fit</strong></span> <span class='ocrx_word' id='word_1_72' title='bbox 1679 3147 1949 3222; x_wconf 79' lang='lat' dir='ltr'><strong>cunctis</strong></span> <span class='ocrx_word' id='word_1_73' title='bbox 1983 3146 2398 3222; x_wconf 80' lang='lat' dir='ltr'><strong>ammonitio</strong></span> 
     </span>
     <span class='ocr_line' id='line_1_24' title="bbox 1436 3261 2268 3360; baseline -0.001 -24"><span class='ocrx_word' id='word_1_74' title='bbox 1436 3271 1514 3336; x_wconf 86' lang='lat' dir='ltr'><strong>ut</strong></span> <span class='ocrx_word' id='word_1_75' title='bbox 1549 3261 1892 3337; x_wconf 85' lang='lat' dir='ltr'><strong>Galchero</strong></span> <span class='ocrx_word' id='word_1_76' title='bbox 1929 3262 2268 3360; x_wconf 79' lang='lat' dir='ltr'><strong>episeopo</strong></span> 
     </span>
     <span class='ocr_line' id='line_1_25' title="bbox 1434 3377 2162 3452; baseline 0.003 -2"><span class='ocrx_word' id='word_1_77' title='bbox 1434 3377 1529 3451; x_wconf 80' lang='lat' dir='ltr'><strong>ita</strong></span> <span class='ocrx_word' id='word_1_78' title='bbox 1564 3377 1782 3451; x_wconf 83' lang='lat' dir='ltr'><strong>eorde</strong></span> <span class='ocrx_word' id='word_1_79' title='bbox 1817 3386 1891 3452; x_wconf 85' lang='lat' dir='ltr'><strong>et</strong></span> <span class='ocrx_word' id='word_1_80' title='bbox 1926 3377 2162 3452; x_wconf 88' lang='lat' dir='ltr'><strong>animo</strong></span> 
     </span>
    </p>
   </div>
   <div class='ocr_carea' id='block_1_3' title="bbox 987 3570 3113 4354">
    <p class='ocr_par' dir='ltr' id='par_1_3' title="bbox 1065 3570 2394 3629">
     <span class='ocr_line' id='line_1_26' title="bbox 1065 3570 2394 3629; baseline 0.001 -2"><span class='ocrx_word' id='word_1_81' title='bbox 1065 3572 1116 3628; x_wconf 84' lang='lat'><strong>1.</strong></span> <span class='ocrx_word' id='word_1_82' title='bbox 1155 3573 1603 3629; x_wconf 75' lang='lat' dir='ltr'><strong>auctoritatibus.</strong></span> <span class='ocrx_word' id='word_1_83' title='bbox 1634 3570 1796 3629; x_wconf 86' lang='lat' dir='ltr'><strong>Dans</strong></span> <span class='ocrx_word' id='word_1_84' title='bbox 1827 3571 1880 3629; x_wconf 89' lang='grc'><strong>10</strong></span> <span class='ocrx_word' id='word_1_85' title='bbox 1910 3589 2020 3629; x_wconf 76' lang='lat' dir='ltr'><strong>me.</strong></span> <span class='ocrx_word' id='word_1_86' title='bbox 2053 3574 2394 3629; x_wconf 80' lang='lat' dir='ltr'><strong>auctoribus,</strong></span> 
     </span>
    </p>

    <p class='ocr_par' dir='ltr' id='par_1_4' title="bbox 987 3657 3113 4354">
     <span class='ocr_line' id='line_1_27' title="bbox 1061 3657 3113 3734; baseline 0 -19"><span class='ocrx_word' id='word_1_87' title='bbox 1061 3659 1115 3715; x_wconf 72' lang='lat'><strong>2.</strong></span> <span class='ocrx_word' id='word_1_88' title='bbox 1157 3659 1319 3716; x_wconf 84' lang='lat' dir='ltr'><strong>Cette</strong></span> <span class='ocrx_word' id='word_1_89' title='bbox 1357 3659 1750 3718; x_wconf 74' lang='lat' dir='ltr'><strong>consecration</strong></span> <span class='ocrx_word' id='word_1_90' title='bbox 1789 3677 1852 3717; x_wconf 85' lang='lat' dir='ltr'><strong>se</strong></span> <span class='ocrx_word' id='word_1_91' title='bbox 1888 3660 1953 3718; x_wconf 83' lang='lat' dir='ltr'><strong>fit</strong></span> <span class='ocrx_word' id='word_1_92' title='bbox 1988 3668 2164 3718; x_wconf 75' lang='lat' dir='ltr'><strong>avant</strong></span> <span class='ocrx_word' id='word_1_93' title='bbox 2194 3661 2247 3717; x_wconf 87' lang='grc'><strong>10</strong></span> <span class='ocrx_word' id='word_1_94' title='bbox 2281 3661 2346 3717; x_wconf 88' lang='grc'><strong>15</strong></span> <span class='ocrx_word' id='word_1_95' title='bbox 2370 3658 2560 3734; x_wconf 86' lang='lat' dir='ltr'><strong>juillet</strong></span> <span class='ocrx_word' id='word_1_96' title='bbox 2589 3657 2758 3732; x_wconf 82' lang='lat'><strong>1095,</strong></span> <span class='ocrx_word' id='word_1_97' title='bbox 2797 3659 3040 3733; x_wconf 81' lang='lat' dir='ltr'><strong>puisque</strong></span> <span class='ocrx_word' id='word_1_98' title='bbox 3075 3658 3113 3716; x_wconf 76' lang='lat' dir='ltr'><strong>a</strong></span> 
     </span>
     <span class='ocr_line' id='line_1_28' title="bbox 990 3747 3107 3823; baseline -0 -17"><span class='ocrx_word' id='word_1_99' title='bbox 990 3754 1139 3806; x_wconf 83' lang='lat' dir='ltr'><strong>cette</strong></span> <span class='ocrx_word' id='word_1_100' title='bbox 1162 3747 1425 3805; x_wconf 75' lang='lat' dir='ltr'><strong>derniere</strong></span> <span class='ocrx_word' id='word_1_101' title='bbox 1453 3748 1584 3805; x_wconf 85' lang='lat' dir='ltr'><strong>date</strong></span> <span class='ocrx_word' id='word_1_102' title='bbox 1612 3748 1840 3806; x_wconf 87' lang='lat' dir='ltr'><strong>Urhain</strong></span> <span class='ocrx_word' id='word_1_103' title='bbox 1865 3749 1924 3806; x_wconf 91' lang='lat'><strong>11</strong></span> <span class='ocrx_word' id='word_1_104' title='bbox 1954 3750 2152 3807; x_wconf 78' lang='lat' dir='ltr'><strong>ecrivit</strong></span> <span class='ocrx_word' id='word_1_105' title='bbox 2178 3749 2214 3806; x_wconf 69' lang='lat' dir='ltr'><strong>a</strong></span> <span class='ocrx_word' id='word_1_106' title='bbox 2240 3748 2543 3822; x_wconf 84' lang='lat' dir='ltr'><strong>Lambert,</strong></span> <span class='ocrx_word' id='word_1_107' title='bbox 2583 3749 2802 3823; x_wconf 67' lang='lat' dir='ltr'><strong>evaque</strong></span> <span class='ocrx_word' id='word_1_108' title='bbox 2840 3748 3107 3820; x_wconf 73' lang='lat' dir='ltr'><strong>d’ArraS,</strong></span> 
     </span>
     <span class='ocr_line' id='line_1_29' title="bbox 990 3834 3111 3911; baseline -0.001 -18"><span class='ocrx_word' id='word_1_109' title='bbox 990 3851 1134 3909; x_wconf 86' lang='lat' dir='ltr'><strong>pour</strong></span> <span class='ocrx_word' id='word_1_110' title='bbox 1164 3834 1216 3892; x_wconf 83' lang='lat' dir='ltr'><strong>le</strong></span> <span class='ocrx_word' id='word_1_111' title='bbox 1243 3836 1382 3894; x_wconf 83' lang='lat' dir='ltr'><strong>citer</strong></span> <span class='ocrx_word' id='word_1_112' title='bbox 1411 3853 1483 3893; x_wconf 90' lang='lat' dir='ltr'><strong>au</strong></span> <span class='ocrx_word' id='word_1_113' title='bbox 1513 3836 1731 3893; x_wconf 80' lang='lat' dir='ltr'><strong>concile</strong></span> <span class='ocrx_word' id='word_1_114' title='bbox 1760 3837 1832 3893; x_wconf 84' lang='lat' dir='ltr'><strong>de</strong></span> <span class='ocrx_word' id='word_1_115' title='bbox 1860 3836 2183 3910; x_wconf 84' lang='lat' dir='ltr'><strong>Glermont,</strong></span> <span class='ocrx_word' id='word_1_116' title='bbox 2225 3837 2611 3895; x_wconf 84' lang='lat' dir='ltr'><strong>l’avertissant</strong></span> <span class='ocrx_word' id='word_1_117' title='bbox 2639 3853 2752 3911; x_wconf 79' lang='lat' dir='ltr'><strong>quo</strong></span> <span class='ocrx_word' id='word_1_118' title='bbox 2788 3834 3017 3907; x_wconf 68' lang='lat' dir='ltr'><strong>l’eveque</strong></span> <span class='ocrx_word' id='word_1_119' title='bbox 3044 3837 3111 3891; x_wconf 75' lang='lat' dir='ltr'><strong>de</strong></span> 
     </span>
     <span class='ocr_line' id='line_1_30' title="bbox 990 3923 3111 3999; baseline 0 -19"><span class='ocrx_word' id='word_1_120' title='bbox 990 3924 1253 3980; x_wconf 81' lang='lat' dir='ltr'><strong>Gambrai</strong></span> <span class='ocrx_word' id='word_1_121' title='bbox 1280 3923 1576 3982; x_wconf 72' lang='lat' dir='ltr'><strong>reclamait</strong></span> <span class='ocrx_word' id='word_1_122' title='bbox 1601 3941 1740 3983; x_wconf 82' lang='lat' dir='ltr'><strong>avec</strong></span> <span class='ocrx_word' id='word_1_123' title='bbox 1766 3926 1916 3983; x_wconf 85' lang='lat' dir='ltr'><strong>force</strong></span> <span class='ocrx_word' id='word_1_124' title='bbox 1942 3933 2138 3983; x_wconf 85' lang='lat' dir='ltr'><strong>contre</strong></span> <span class='ocrx_word' id='word_1_125' title='bbox 2162 3924 2325 3983; x_wconf 85' lang='lat' dir='ltr'><strong>l’acte</strong></span> <span class='ocrx_word' id='word_1_126' title='bbox 2352 3926 2453 3999; x_wconf 87' lang='lat' dir='ltr'><strong>qui</strong></span> <span class='ocrx_word' id='word_1_127' title='bbox 2482 3925 2639 3982; x_wconf 84' lang='lat' dir='ltr'><strong>avait</strong></span> <span class='ocrx_word' id='word_1_128' title='bbox 2668 3924 2864 3998; x_wconf 72' lang='lat' dir='ltr'><strong>separe</strong></span> <span class='ocrx_word' id='word_1_129' title='bbox 2892 3923 3111 3996; x_wconf 73' lang='lat' dir='ltr'><strong>l’eglise</strong></span> 
     </span>
     <span class='ocr_line' id='line_1_31' title="bbox 989 4011 3106 4088; baseline -0 -18"><span class='ocrx_word' id='word_1_130' title='bbox 989 4011 1225 4070; x_wconf 82' lang='lat' dir='ltr'><strong>d&#39;Arras</strong></span> <span class='ocrx_word' id='word_1_131' title='bbox 1252 4012 1324 4070; x_wconf 88' lang='lat' dir='ltr'><strong>de</strong></span> <span class='ocrx_word' id='word_1_132' title='bbox 1352 4013 1494 4070; x_wconf 85' lang='lat' dir='ltr'><strong>celle</strong></span> <span class='ocrx_word' id='word_1_133' title='bbox 1521 4012 1592 4070; x_wconf 86' lang='lat' dir='ltr'><strong>de</strong></span> <span class='ocrx_word' id='word_1_134' title='bbox 1620 4014 1882 4071; x_wconf 83' lang='lat' dir='ltr'><strong>Cambrai</strong></span> <span class='ocrx_word' id='word_1_135' title='bbox 1917 4016 2071 4087; x_wconf 79' lang='lat' dir='ltr'><strong>(Gest.</strong></span> <span class='ocrx_word' id='word_1_136' title='bbox 2107 4017 2398 4081; x_wconf 73' lang='lat' dir='ltr'><strong>lamberti,</strong></span> <span class='ocrx_word' id='word_1_137' title='bbox 2434 4032 2490 4088; x_wconf 89' lang='lat' dir='ltr'><strong>p.</strong></span> <span class='ocrx_word' id='word_1_138' title='bbox 2515 4014 2659 4085; x_wconf 82' lang='lat'><strong>754).</strong></span> <span class='ocrx_word' id='word_1_139' title='bbox 2681 4014 2845 4071; x_wconf 77' lang='lat' dir='ltr'><strong>Nous</strong></span> <span class='ocrx_word' id='word_1_140' title='bbox 2866 4027 3106 4085; x_wconf 79' lang='lat' dir='ltr'><strong>voyons,</strong></span> 
     </span>
     <span class='ocr_line' id='line_1_32' title="bbox 987 4098 3109 4177; baseline 0.001 -20"><span class='ocrx_word' id='word_1_141' title='bbox 987 4098 1064 4157; x_wconf 86' lang='lat' dir='ltr'><strong>du</strong></span> <span class='ocrx_word' id='word_1_142' title='bbox 1097 4107 1268 4175; x_wconf 83' lang='lat' dir='ltr'><strong>reste,</strong></span> <span class='ocrx_word' id='word_1_143' title='bbox 1299 4118 1402 4174; x_wconf 86' lang='lat' dir='ltr'><strong>par</strong></span> <span class='ocrx_word' id='word_1_144' title='bbox 1446 4102 1501 4159; x_wconf 88' lang='lat' dir='ltr'><strong>la</strong></span> <span class='ocrx_word' id='word_1_145' title='bbox 1538 4104 1771 4176; x_wconf 82' lang='lat' dir='ltr'><strong>strophe</strong></span> <span class='ocrx_word' id='word_1_146' title='bbox 1811 4104 2095 4173; x_wconf 81' lang='lat' dir='ltr'><strong>suivante,</strong></span> <span class='ocrx_word' id='word_1_147' title='bbox 2138 4120 2252 4177; x_wconf 87' lang='lat' dir='ltr'><strong>que</strong></span> <span class='ocrx_word' id='word_1_148' title='bbox 2290 4102 2558 4161; x_wconf 84' lang='lat' dir='ltr'><strong>Gaueher</strong></span> <span class='ocrx_word' id='word_1_149' title='bbox 2599 4103 2666 4159; x_wconf 80' lang='lat' dir='ltr'><strong>fit</strong></span> <span class='ocrx_word' id='word_1_150' title='bbox 2702 4118 2806 4160; x_wconf 79' lang='lat' dir='ltr'><strong>son</strong></span> <span class='ocrx_word' id='word_1_151' title='bbox 2846 4102 3046 4160; x_wconf 69' lang='lat' dir='ltr'><strong>enti-ee</strong></span> <span class='ocrx_word' id='word_1_152' title='bbox 3072 4101 3109 4159; x_wconf 65' lang='lat' dir='ltr'><strong>a</strong></span> 
     </span>
     <span class='ocr_line' id='line_1_33' title="bbox 987 4189 3110 4266; baseline 0 -20"><span class='ocrx_word' id='word_1_153' title='bbox 987 4189 1252 4247; x_wconf 83' lang='lat' dir='ltr'><strong>Cambrai</strong></span> <span class='ocrx_word' id='word_1_154' title='bbox 1292 4190 1544 4263; x_wconf 86' lang='lat' dir='ltr'><strong>pendant</strong></span> <span class='ocrx_word' id='word_1_155' title='bbox 1583 4191 1638 4249; x_wconf 89' lang='grc'><strong>10</strong></span> <span class='ocrx_word' id='word_1_156' title='bbox 1680 4202 1867 4265; x_wconf 80' lang='lat' dir='ltr'><strong>temps</strong></span> <span class='ocrx_word' id='word_1_157' title='bbox 1908 4190 2101 4266; x_wconf 82' lang='lat' dir='ltr'><strong>pascal</strong></span> <span class='ocrx_word' id='word_1_158' title='bbox 2141 4200 2219 4262; x_wconf 83' lang='lat' dir='ltr'><strong>et,</strong></span> <span class='ocrx_word' id='word_1_159' title='bbox 2262 4209 2343 4248; x_wconf 90' lang='lat' dir='ltr'><strong>un</strong></span> <span class='ocrx_word' id='word_1_160' title='bbox 2387 4209 2496 4266; x_wconf 85' lang='lat' dir='ltr'><strong>peu</strong></span> <span class='ocrx_word' id='word_1_161' title='bbox 2535 4192 2665 4265; x_wconf 84' lang='lat' dir='ltr'><strong>plus</strong></span> <span class='ocrx_word' id='word_1_162' title='bbox 2705 4191 2809 4248; x_wconf 76' lang='lat' dir='ltr'><strong>bas</strong></span> <span class='ocrx_word' id='word_1_163' title='bbox 2848 4192 2967 4262; x_wconf 77' lang='lat' dir='ltr'><strong>(stt.</strong></span> <span class='ocrx_word' id='word_1_164' title='bbox 3003 4190 3110 4248; x_wconf 89' lang='grc'><strong>179</strong></span> 
     </span>
     <span class='ocr_line' id='line_1_34' title="bbox 987 4278 2926 4354; baseline 0.001 -20"><span class='ocrx_word' id='word_1_165' title='bbox 987 4279 1179 4350; x_wconf 59' lang='lat' dir='ltr'><strong>enixu),</strong></span> <span class='ocrx_word' id='word_1_166' title='bbox 1214 4278 1355 4353; x_wconf 86' lang='lat' dir='ltr'><strong>qu’il</strong></span> <span class='ocrx_word' id='word_1_167' title='bbox 1385 4296 1447 4336; x_wconf 86' lang='lat' dir='ltr'><strong>se</strong></span> <span class='ocrx_word' id='word_1_168' title='bbox 1474 4280 1585 4337; x_wconf 88' lang='lat' dir='ltr'><strong>mit</strong></span> <span class='ocrx_word' id='word_1_169' title='bbox 1610 4281 1856 4338; x_wconf 80' lang='lat' dir='ltr'><strong>aussitot</strong></span> <span class='ocrx_word' id='word_1_170' title='bbox 1882 4299 1957 4339; x_wconf 88' lang='lat' dir='ltr'><strong>en</strong></span> <span class='ocrx_word' id='word_1_171' title='bbox 1985 4281 2184 4339; x_wconf 81' lang='lat' dir='ltr'><strong>devoir</strong></span> <span class='ocrx_word' id='word_1_172' title='bbox 2205 4279 2386 4354; x_wconf 82' lang='lat' dir='ltr'><strong>d’agir</strong></span> <span class='ocrx_word' id='word_1_173' title='bbox 2413 4289 2611 4339; x_wconf 84' lang='lat' dir='ltr'><strong>contre</strong></span> <span class='ocrx_word' id='word_1_174' title='bbox 2638 4279 2926 4337; x_wconf 83' lang='lat' dir='ltr'><strong>Lambert.</strong></span> 
     </span>
    </p>
   </div>
  </div>
 </body>
</html>
