3558 5493
956 519 1049 572 238
1897 513 2106 566 ausu

1395 645 1715 745 precepit
1750 670 1880 720 rex
1918 647 2256 745 episcopo
2323 675 2336 692 ·

1391 772 1471 839 ut
1505 762 1693 838 bona
1727 787 1859 837 suo
1893 762 2164 860 populo

1393 881 1801 954 conferatur
1832 878 2141 953 dilectio.

956 998 1101 1073 443
1492 993 1816 1093 Precepit
1850 1019 2138 1093 quoque
2174 993 2449 1071 civibus

1391 1120 1472 1187 ut
1507 1110 1650 1185 fide
1685 1119 1758 1185 et
1792 1110 2130 1209 operibus

1389 1228 1781 1302 honoretur
1813 1226 2193 1324 episcopus

1392 1341 1575 1417 sicut
1610 1340 1825 1415 debet
1859 1340 1931 1414 in
1968 1339 2326 1415 omnibus,

955 1459 1102 1534 444
1490 1463 1781 1533 Terram
1818 1455 2028 1531 simul
2063 1454 2486 1544 cusmdiant‚

1391 1581 1622 1648 castra
1658 1596 1840 1670 quae
1877 1580 2134 1646 nocent
2170 1571 2454 1646 diruant

1387 1697 1510 1763 aut
1545 1712 1762 1787 super
1796 1687 1907 1762 his
1942 1713 2032 1762 ne
2068 1697 2370 1763 noceant

1393 1804 1726 1880 fiduciam
1763 1803 2135 1903 accipiant.

953 1922 1098 1997 445
1488 1919 1774 1997 Justicia
1809 1918 1900 1993 de
1936 1917 2213 2008 casatiS,

1391 2035 1730 2111 militibus
1764 2044 1838 2109 et
1873 2033 2144 2109 clericis

1390 2161 1465 2227 et
1497 2175 1749 2226 eorum
1781 2149 2059 2224 familiis

1391 2264 1483 2341 sit
1517 2264 1589 2340 in
1626 2289 1841 2338 manu
1878 2262 2257 2362 pontificis.

953 2380 1098 2454 446
1490 2385 1623 2455 Per
1655 2380 1786 2454 has
1821 2379 2017 2477 pacis
2051 2379 2414 2478 pactiones

1392 2496 1633 2594 presul
1671 2503 1744 2569 et
1778 2494 1887 2570 sui
1920 2493 2244 2570 homines

1388 2610 1615 2685 effecti
1651 2619 1818 2685 sunt
1852 2611 2221 2685 unanimes

1392 2728 1850 2803 cameracum
1881 2734 2281 2802 remeantes
2294 2726 2314 2774 ¹
2329 2781 2348 2800 .

954 2841 1100 2917 447
1491 2848 1590 2918 De
1619 2843 1751 2917 hac
1785 2851 2025 2918 tamen
2061 2841 2439 2919 concordia

1394 2959 1575 3034 facta
1613 2958 1685 3033 in
1721 2958 1915 3059 regis
1951 2959 2146 3034 curia

1392 3072 1524 3149 fuit
1559 3071 1810 3150 dolens
1841 3083 1912 3148 et
1949 3072 2189 3149 invida

1390 3198 1606 3288 atque
1640 3187 2186 3264 contradictoria

954 3303 1097 3381 448
1493 3305 1775 3381 illorum
1811 3303 2021 3379 turba
2057 3303 2319 3379 civium

1392 3418 1515 3517 qui
1550 3418 1743 3518 passi
1773 3427 1943 3494 sunt
1976 3417 2478 3510 detrimentum

1392 3543 1541 3608 tam
1576 3534 1668 3611 de
1702 3559 1872 3609 casu
1907 3533 2299 3609 amicorum

1395 3674 1611 3748 quam
1646 3648 1898 3724 ablatis
1935 3650 2407 3749 captivorum.

955 3764 1099 3841 449
1492 3765 1632 3841 Sed
1667 3766 1992 3865 quamvis
2027 3765 2124 3840 illi
2160 3764 2444 3842 doleant

1392 3881 1516 3979 qui
1549 3891 1886 3981 parentes
1916 3881 2324 3972 amiserant,

1028 4093 1080 4150 1.
1120 4091 1393 4150 Lambert
1410 4093 1483 4150 de
1500 4090 1818 4167 WatreloS,
1838 4091 2277 4152 al'annee1138
2301 4112 2315 4149 z
2349 4093 2657 4151 Concordia
2684 4107 2811 4149 voro
2838 4095 3075 4163 episcopi

956 4186 1008 4237 et
1034 4184 1244 4237 civium
1270 4182 1424 4252 facta
1451 4187 1530 4238 est
1544 4189 1669 4253 post
1691 4184 1921 4253 pascha,
1954 4186 2238 4254 sopitaque
2257 4186 2415 4239 omni
2440 4185 2666 4239 malitia
2694 4183 2933 4238 domnus
2962 4183 3070 4251 epi·

957 4285 1150 4341 scopus
1176 4272 1251 4327 ad
1276 4272 1471 4327 urbem
1499 4272 1669 4328 rediit
1694 4287 1823 4327 cum
1849 4275 2034 4342 yloria
2066 4271 2142 4345 (p.
2175 4271 2319 4343 515).
