3558 5493
931 566 1014 616 ¹9⁶2
1877 564 2080 616 GESTA

1361 720 1478 772 ars
1514 697 1648 772 ista
1681 705 1840 773 arte
1873 698 2162 773 fallitur.

924 816 1066 891 429
1457 817 1636 887 Nam
1671 813 1730 888 si
1769 815 2007 888 firmat
2043 839 2122 888 se
2153 812 2536 903 sex-ardus,

1357 927 1594 1002 firmat
1629 937 1701 1003 et
1737 954 1817 1005 se
1853 930 2253 1029 episcopus,

1357 1044 1656 1119 Castello
1691 1048 1892 1119 Novo
1928 1045 2203 1121 firmius

1358 1159 1867 1236 circumclauso
1902 1160 2284 1259 lapidibus.

924 1279 1065 1350 130
1458 1276 1604 1352 Sub
1639 1277 2031 1352 treviarum
2067 1276 2373 1388 tergnino

1358 1391 1746 1466 consulitur
1783 1391 2121 1491 episcopo

1358 1531 1434 1582 se
1471 1507 1747 1583 custodi
1787 1507 1878 1582 de
1913 1507 2232 1585 Gerardo

1356 1622 1515 1697 viro
1552 1648 1858 1721 nequam
1895 1633 1970 1698 et
2004 1624 2283 1700 callido.

920 1741 1047 1810 131
1454 1739 1802 1815 Sollicitus
1838 1738 2001 1815 hine
2036 1740 2358 1838 pontifex

1354 1853 1625 1953 probos
1658 1855 1920 1929 retinet
1956 1855 2241 1943 milites,

1355 1979 1602 2045 contra
1637 1995 1806 2045 suos
1841 1969 2166 2046 infideles

1355 2084 1743 2183 positurus,
1789 2085 1846 2159 si
1885 2108 2068 2182 opus
2103 2093 2238 2159 est.

1077 2336 1307 2419 Quod
1342 2337 1783 2420 episcopus
1825 2352 1920 2404 se
1955 2336 2391 2405 defendere
2429 2335 2878 2418 paraverit.

921 2560 1063 2635 ⁴32
1456 2556 1933 2655 Percipientes
1968 2556 2183 2631 emuli

1355 2671 1550 2772 quod
1588 2672 1909 2771 probitas
1945 2673 2262 2772 episcopi

1352 2788 1727 2888 provideat
1760 2815 1838 2864 se
1875 2789 2184 2878 defendi,

1353 2913 1519 2980 sunt
1554 2904 1890 2978 nimirum
1926 2904 2273 2979 exterriti.

918 3022 1059 3093 133
1449 3025 1704 3095 Pacem
1740 3027 1989 3118 optant
2023 3045 2453 3119 componere

1353 3134 1479 3210 scd
1516 3134 1970 3235 indignantur
2005 3161 2334 3235 querere,

1352 3275 1442 3325 ne
1474 3249 1680 3325 cadat
1715 3276 1757 3324 a
1794 3251 2161 3326 sacerdote

1353 3364 1688 3463 superbia
1723 3365 2038 3439 militiae.

916 3479 1058 3554 ⁴34
1450 3479 1579 3570 Qui
1616 3505 1746 3578 pre
1784 3481 2061 3578 pudore
2098 3480 2314 3555 nimio

1350 3619 1441 3668 ne
1478 3594 1932 3671 diffamentur
1967 3597 2232 3695 populo

1348 3709 1776 3787 erubescunt
1811 3721 1957 3787 tam
1995 3712 2228 3787 subito

1348 3848 1425 3898 se
1462 3825 1646 3900 vinci
1681 3853 1723 3900 a
1759 3827 2188 3924 presbitero.

913 3940 1055 4010 135
1447 3939 1806 4017 Gerar-dus
1843 3941 2176 4017 seductor
2210 3940 2437 4015 malus

1348 4052 1537 4128 mille
1573 4054 1849 4130 laborat
1879 4056 2151 4131 artibus

1344 4176 1425 4242 ut
1460 4181 1696 4245 careat
1732 4171 2103 4247 obsidibus

1347 4282 1718 4360 Nieholaus
1753 4287 2156 4387 episcopus.
