3558 5493
940 497 1002 551 40
1902 483 2107 537 GESTA

1382 625 1575 699 dicto
1612 620 1704 696 de
1740 619 1859 694 illo
1895 617 2260 717 quomodo

1383 739 1477 814 sit
1512 744 1750 812 actum
1788 735 1861 809 in
1899 733 2220 809 oonoilio.

944 863 1074 939 221
1483 850 1808 929 Narravit
1843 851 2033 925 enim
2068 850 2333 924 omnia.

1385 969 1525 1044 Sed
1562 992 1727 1042 oum
1763 967 1996 1041 clerus
2031 974 2104 1040 et
2140 964 2345 1065 plebs
2379 974 2529 1041 tota

1385 1086 1582 1161 audit
1616 1085 1810 1184 quod
1848 1109 1986 1184 pro
2020 1084 2318 1182 pecunia

1385 1203 1722 1278 distracta
1758 1200 1852 1275 sit
1879 1200 2184 1300 justicia,

948 1323 1094 1399 222
1487 1318 1853 1394 Urbanum
1888 1314 2358 1413 apostaticum

1391 1431 1844 1520 maledicunt,
1888 1430 2289 1530 despiciunt

1389 1558 1464 1623 et
1498 1548 1562 1622 ei
1599 1572 1742 1622 non
1778 1546 2148 1635 obediunt,

1390 1665 1575 1764 patri
1610 1664 1953 1740 Galchero
1988 1662 2364 1737 consulunt

950 1782 1094 1860 223
1489 1805 1577 1854 ne
1611 1779 1708 1854 illi
1744 1778 1868 1853 det
1904 1777 2327 1877 obsequium

1391 1921 1521 1970 nec
1556 1895 1821 1995 presuli
1857 1893 2312 1968 Remensium

1390 2010 1620 2085 donec
1649 2009 1953 2085 reddant
1983 2009 2071 2084 ad
2111 2008 2469 2109 integrum

1396 2127 1753 2205 cameraci
1791 2125 2268 2201 Attrebatum.

955 2245 1100 2325 224
1493 2247 1646 2334 Quo
1678 2268 1810 2341 per
1845 2267 1970 2316 eos
2006 2241 2309 2317 diffinito

1395 2368 1467 2433 et
1501 2359 1642 2434 fide
1678 2367 1748 2432 et
1787 2364 2229 2432 sacramento

1395 2474 1635 2573 presul
1673 2473 2056 2548 Galcherus
2090 2471 2334 2546 divino

1398 2615 1539 2664 non
1577 2598 1809 2664 cessat
1841 2589 1933 2663 ab
1969 2588 2266 2662 officio¹.

958 2711 1104 2787 225
1496 2706 1635 2782 Sed
1671 2706 1808 2781 hoc
1839 2703 2128 2804 quidem
2165 2702 2560 2792 consilium,

1396 2822 1578 2896 siout
1612 2820 1869 2921 agnovi
1906 2818 2395 2918 postmodum,

1396 2932 1714 3037 pontifici
1750 2938 1825 3010 in
1862 2935 2252 3010 maximum

1397 3076 1824 3127 conversum
1858 3059 1968 3125 est
2003 3049 2464 3125 contrarium.

959 3169 1105 3244 226
1495 3171 1673 3240 Nam
1708 3166 1921 3242 Fuloo
1958 3164 2443 3240 vicedominus

1398 3289 1611 3379 atque
1648 3282 1763 3356 ille
1796 3281 2221 3369 Amolricus‚

1400 3420 1615 3494 quem
1652 3395 2014 3494 captivum
2052 3396 2380 3496 superius

1399 3510 1819 3586 dissolverat
1855 3510 2260 3611 episeopus,

961 3628 1105 3704 227
1496 3651 1709 3724 quam
1747 3628 1992 3726 plures
2026 3653 2200 3702 vero
2235 3626 2349 3701 alii

1398 3743 1598 3818 istius
1635 3743 1833 3818 urbis
1867 3744 2138 3844 populi,

1034 3963 1084 4019 1.
1137 3963 1299 4020 Getta
1345 3963 1615 4022 eonduite
1662 3972 2064 4023 ouvertement
2102 3963 2514 4037 schismatique
2559 3962 2665 4020 dut
2708 3977 2844 4020 sans
2887 3977 3079 4019 aucun

959 4050 1133 4109 doute
1162 4051 1381 4109 alienet
1398 4053 1434 4110 ὲ
1453 4052 1718 4112 Gaucher
1745 4052 1800 4112 la
1826 4052 2128 4111 meilleure
2155 4051 2337 4127 partie
2365 4051 2440 4109 du
2462 4051 2648 4124 clei-ge
2666 4058 2726 4108 et
2747 4051 2826 4107 du
2845 4049 3073 4125 peuple.

960 4140 1139 4197 Aussi
1166 4156 1242 4198 ne
1268 4140 1323 4198 le
1349 4140 1568 4199 voit-on
1598 4141 1725 4216 plus
1753 4143 1930 4217 guero
1958 4160 2020 4200 se
2049 4142 2308 4201 soutenir
2339 4157 2452 4215 que
2480 4157 2582 4214 par
2610 4141 2669 4199 la
2692 4139 2983 4211 violence,
3015 4146 3076 4198 et

963 4235 1088 4287 tant
1114 4246 1228 4304 que
1255 4228 1487 4289 celle-ci
1514 4248 1576 4288 se
1603 4229 1796 4290 faisait
1824 4231 2024 4290 sentir.
