3558 5493
946 552 1039 604 *ηε

950 690 1089 759 357

951 1154 1092 1223 358
1233 1195 1239 1201 ·

953 1617 1093 1688 359

956 2081 1097 2153 360

959 2541 1084 2611 361

964 3378 1106 3452 362

966 3837 1106 3908 363

969 4293 1110 4368 364

1897 542 2104 596 ΘΕΒΤΑ

1484 684 1736 756 Comes
1773 677 2027 753 Montis
2063 673 2543 773 respondebat

1386 796 1579 894 quod
1618 803 1865 869 contra
1900 816 1980 867 se
2015 791 2112 865 nil
2146 791 2412 865 fecerat

1387 938 1518 987 nec
1553 910 1645 986 de
1679 909 1853 984 viris
1887 932 2071 1006 quos
2107 913 2396 1004 ceperat

1386 1054 1518 1104 nec
1551 1052 1733 1126 quos
1767 1025 1983 1100 morti
2020 1048 2179 1099 sors
2215 1021 2536 1097 dederat.

1482 1143 1683 1221 Unde
1720 1143 1932 1217 offert
1957 1139 2316 1241 justiciam

1386 1286 1518 1361 per
1553 1283 1804 1334 eorum
1840 1254 2264 1332 sententiam

1388 1377 1510 1477 qui
1546 1375 1904 1473 utrimque
1942 1371 2363 1471 pepigerant

1389 1494 1575 1568 inter
1609 1516 1735 1569 eos
1770 1485 2251 1564 concordiam.

1488 1605 1813 1683 Ostendit
1848 1604 1913 1677 ei
1951 1599 2408 1702 postmodum

1390 1725 1585 1823 quod
1619 1731 1914 1799 venerat
1950 1724 2404 1797 cameracum

1390 1841 1708 1916 oratione
1745 1838 2008 1913 civium

1392 1957 1483 2033 ad
1520 1978 1770 2030 eorum
1807 1950 2199 2052 presidium

1490 2071 1613 2169 qui
1650 2068 1911 2144 cesaris
1948 2066 2082 2142 sub
2119 2064 2401 2140 nomine

1393 2193 1815 2262 monuerant
1850 2209 1927 2257 se
1960 2181 2204 2256 venire

1394 2308 1849 2380 Cameracum
1886 2295 2244 2373 custodire

1393 2426 1467 2492 et
1500 2415 1887 2490 marchiam
1923 2411 2328 2487 defendere.

1492 2532 1695 2624 Quod
1723 2531 1914 2631 juste
1950 2526 2199 2602 fecisse
2236 2550 2365 2600 sua

1395 2657 1693 2724 testatur
1729 2643 2155 2722 conscientia

1396 2791 1560 2842 cum
1595 2764 1795 2862 sequi
1832 2787 1966 2862 per
1992 2759 2259 2861 judicia

1394 2883 1735 2958 offeratur
1763 2877 2071 2980 justicia.

1525 3134 1650 3201 De
1693 3131 2124 3200 taxatione
2170 3127 2502 3195 civium.

1496 3372 1684 3467 Ergo
1722 3364 2211 3440 Flandriarum
2244 3384 2486 3435 comes

1397 3483 1534 3557 hoc
1567 3479 1863 3556 audiens
1899 3476 2093 3576 quod
2129 3475 2454 3574 displicet

1400 3607 1474 3673 et
1508 3595 1702 3696 quod
1735 3596 1991 3670 clamat
2025 3591 2230 3666 nichil
2271 3589 2592 3692 prodest,

1401 3738 1565 3789 cum
1602 3711 1768 3787 odio
1805 3709 2109 3809 partitus
2146 3715 2280 3782 est.

1498 3833 1676 3903 Ecce
1713 3823 2072 3903 Cameraci
2108 3822 2300 3897 cives

1402 3943 1494 4018 de
1530 3941 1788 4042 placito
1824 3938 2259 4042 gratulantes

1403 4059 1595 4158 quod
1632 4059 1818 4133 inter
1852 4057 2050 4155 ipsos
2085 4051 2380 4128 comites

1403 4173 1799 4252 discordiae
1834 4192 2259 4246 conversum
2294 4175 2430 4255 est,

1501 4296 1799 4389 propter
1832 4291 2268 4362 Montensem
2304 4277 2636 4355 comitem
