3558 5493
578 1074 673 1149 20

578 1536 660 1611 2⁴

579 2338 676 2413 22

580 2803 676 2878 23

582 3262 679 3340 24

1341 591 1729 645 BURCHARDI.
1768 591 1832 643 11.

827 749 905 799 se
940 724 1243 799 clamant
1279 724 1607 824 juvenem
1644 727 1827 801 nolle
1864 728 2152 828 eligere,

822 864 985 914 curn
1019 866 1227 917 suum
1261 866 1386 916 cor
1421 842 1650 917 solum
1687 844 1954 918 nesciat
1987 870 2237 945 regere

823 957 946 1053 qui
977 981 1221 1032 curam
1254 958 1644 1032 multorum
1678 959 1833 1033 vult
1867 961 2310 1060 intercipere.

922 1074 1244 1148 Attamen
1276 1074 1556 1173 juvenis
1592 1075 2121 1152 archidiaconus

822 1186 1124 1263 fratrum
1159 1189 1493 1278 consiliis,
1536 1200 1912 1289 parentum
1948 1192 2239 1267 vocibus

823 1304 1018 1379 vadit
1052 1304 1143 1379 ad
1180 1329 1495 1381 cesarem
1530 1330 1977 1406 nequaquam
2017 1309 2278 1383 electus

821 1426 969 1493 tam
1004 1420 1154 1494 sine
1189 1420 1440 1495 litteris
1473 1446 1689 1519 quam
1721 1422 1873 1497 sine
1909 1423 2208 1498 testibus

919 1561 1101 1633 quos
1131 1537 1287 1637 regi
1322 1536 1560 1636 dirigit
1596 1537 1766 1613 cleri
1804 1539 2128 1629 societas,

821 1676 1150 1728 assensus
1185 1652 1432 1752 populi
1469 1677 1698 1751 neque
1735 1655 2201 1730 communitas
2245 1682 2261 1728 ε

820 1777 893 1842 et
928 1769 1091 1866 quia
1129 1793 1271 1843 non
1309 1758 1522 1843 habet
1558 1777 1776 1845 testes
1814 1794 1944 1845 nec
1981 1771 2276 1860 litteras,

821 1880 1012 1979 quod
1051 1881 1286 1980 querit
1322 1882 1624 1982 denegat
1661 1883 1850 1984 regis
1886 1884 2255 1985 sagacitas.

827 2117 951 2183 De
997 2117 1396 2185 electione
1442 2118 1905 2187 Barchardl
1955 2119 2349 2201 episcopi.

919 2340 1270 2435 Regresso
1306 2336 1544 2434 itaque
1581 2337 2102 2426 archidiacono,

821 2448 1012 2524 fideli
1048 2452 1270 2527 utitur
1305 2477 1504 2527 cesar
1541 2453 1856 2542 consilio,

823 2566 1089 2666 quippe
1127 2569 1248 2665 qui
1285 2568 1356 2641 in
1394 2593 1522 2644 suo
1559 2569 1771 2645 habet
1808 2569 2069 2669 palatio

824 2682 1109 2759 clericos
1145 2683 1351 2759 utiles
1386 2684 1511 2760 Dei
1550 2684 1866 2759 servitio,

922 2805 1113 2874 Inter
1148 2799 1576 2875 domesticos
1610 2826 1795 2875 unus
1832 2802 2174 2900 accipitur

825 2915 1272 2991 Burchardus
1309 2915 1619 3003 nomine,
1658 2916 1874 2991 homo
1912 2916 2291 2992 catholicus
2332 2943 2347 2989 ε

824 3032 957 3107 iste
992 3039 1158 3130 post
1193 3031 1538 3120 Odonem,
1579 3041 1659 3107 ut
1697 3032 1919 3106 voluit
1953 3036 2165 3122 DeuS,

824 3147 912 3222 ad
951 3146 1388 3246 episcopium
1423 3146 1633 3224 datur
1666 3147 2028 3223 idoneus1.

921 3267 1149 3362 Super
1182 3261 1318 3337 hoc
1350 3263 1616 3337 etenim
1651 3262 1749 3337 nil
1785 3262 2220 3363 cogitaverat

828 3405 958 3455 nec
991 3378 1284 3455 honoris
1318 3379 1525 3479 hujus
1563 3380 1839 3454 culmen
1877 3378 2221 3454 ambierat

827 3521 957 3571 nec
991 3496 1080 3570 ad
1116 3496 1251 3571 hoc
1286 3495 1601 3594 seipsum
1634 3496 1822 3571 ultro
1860 3495 2274 3595 ingesserat,

825 3621 1262 3712 quapropter
1297 3612 1544 3710 prefici
1579 3612 1791 3712 digne
1827 3620 2187 3698 meruerat

2554 600 2640 654 145

609 3889 661 3944 1.
709 3886 1076 3962 L’empereur
1116 3889 1274 3945 avait
1312 3885 1546 3943 d'abord
1586 3889 1852 3962 presente
1894 3886 1948 3944 le
1991 3886 2148 3958 siege
2193 3884 2264 3941 de
2306 3883 2570 3941 Cambrai
2618 3882 2653 3939 ὲ

538 3976 599 4033 Β.
633 3975 907 4049 Norbert,
952 3976 1008 4033 le
1048 3976 1203 4033 futur
1243 3975 1546 4034 fondateur
1590 3975 1661 4032 de
1705 3973 1909 4032 l'ordre
1946 3974 2017 4032 de
2046 3973 2415 4043 Premontre,
2457 3972 2557 4046 qui
2598 3971 2651 4027 le

535 4065 747 4124 refusa.
792 4065 874 4123 Le
912 4064 1014 4123 fait
1046 4072 1135 4123 est
1171 4065 1376 4124 atteste
1420 4081 1523 4138 par
1561 4063 1819 4122 Hei-man
1855 4063 1926 4121 de
1954 4063 2204 4121 Toumai
2238 4063 2329 4133 (De
2355 4065 2649 4118 miraculis

536 4154 595 4211 S.
627 4156 840 4210 Mariae
871 4154 1271 4221 LaudunensiS,
1304 4153 1343 4208 1.
1376 4152 1483 4224 111,
1515 4169 1563 4210 c.
1588 4152 1642 4222 8,
1665 4153 1809 4208 Mon.
1837 4153 2042 4217 Germ„
2068 4151 2165 4208 SS.
2193 4157 2234 4206 t.
2259 4148 2401 4220 XII,
2423 4166 2479 4222 p.
2503 4148 2648 4218 659).

535 4242 586 4298 11
608 4242 659 4300 le
679 4242 862 4299 tenait
880 4242 951 4298 de
984 4241 1238 4315 Exiguos,
1262 4241 1405 4299 abbe
1434 4240 1505 4298 de
1534 4241 1892 4310 Premontre,
1920 4239 2105 4314 lequel
2126 4238 2318 4296 l'avait
2346 4238 2652 4295 lui-meme

537 4330 789 4389 entendu
817 4329 1072 4389 affirmer
1098 4347 1199 4402 par
1225 4330 1479 4402 l‘eveque
1509 4327 1805 4388 Burchard
1834 4344 1907 4387 en
1938 4329 2096 4385 1119.

2261 4416 2325 4471 10
