3558 5493
943 583 1004 634 48
1907 580 2109 634 GESTA

1381 713 1817 790 dedecorose
1853 715 2152 790 clericis.

944 832 1089 908 279
1484 829 1860 906 condoluit
1894 829 2273 928 episcopus

1377 944 1468 1019 de
1504 953 1613 1019 tot
1645 943 2195 1035 inversionibus,

1379 1060 1470 1135 de
1506 1060 1779 1136 clericis
1815 1060 2227 1135 enormibus

1377 1185 1449 1252 et
1485 1176 1620 1251 sibi
1657 1176 2176 1252 resistentibus.

940 1293 1083 1368 280
1478 1291 1745 1382 Quibus
1779 1299 2020 1365 tamen
2056 1289 2506 1391 congregatis

1379 1406 1452 1480 in
1488 1406 1759 1505 templo
1796 1406 2185 1481 beatissimi

1375 1520 1799 1596 confessoris
1836 1520 2204 1621 Gangerici

1374 1646 1455 1713 ut
1491 1636 1563 1710 in
1603 1636 1757 1711 loco
1794 1636 2047 1736 refugii

938 1752 1067 1826 281
1474 1750 1842 1826 mandavit
1878 1751 2118 1850 presul
2157 1750 2419 1839 denuo,

1375 1868 1990 1966 commonuitque¹
2031 1867 2255 1942 tercio

1374 2007 1463 2056 ne
1501 1991 1782 2057 cessent
1818 1981 1908 2055 ab
1947 1981 2182 2056 officio

1375 2097 1761 2197 impiorum
1797 2097 2117 2185 consilio,
2289 2148 2316 2173 .

935 2213 1081 2291 282
1474 2213 1600 2288 sed
1639 2214 1713 2288 in
1751 2213 1931 2288 urbe
1966 2221 2377 2288 remaneant

1374 2329 1873 2428 aecclesiisque
1912 2329 2222 2403 serviant

1374 2454 1586 2543 atque
1624 2444 1758 2519 sibi
1798 2445 1979 2520 sicut
2014 2443 2280 2520 debent

1375 2559 1678 2635 fideliter
1715 2559 2077 2635 obediant.

935 2679 1079 2755 283
1471 2680 1608 2753 Per
1641 2676 1992 2752 malorum
2029 2674 2402 2751 consilium

1373 2793 1509 2866 hoc
1544 2801 1965 2893 respuentes
1996 2792 2254 2867 iterum

1372 2915 1649 2983 tantum
1685 2917 1944 3010 rogant
1977 2908 2396 3007 episcopum

1376 3032 1455 3099 ut
1491 3024 1710 3100 donet
1743 3025 1848 3099 eis
1883 3023 2154 3100 licitum

935 3137 1082 3219 284
1472 3166 1618 3239 quo
1654 3141 1934 3215 valeant
1968 3139 2328 3216 liberrime

1372 3254 1464 3329 ab
1501 3256 1683 3331 urbe
1717 3257 1911 3331 foras
1949 3279 2250 3355 pergere

1374 3378 1448 3447 et
1484 3371 1635 3447 sine
1673 3370 2065 3446 offensione

1373 3485 1698 3584 corporis
1733 3496 1806 3561 et
1840 3487 2208 3585 pecuniae.

934 3601 1079 3678 285
1471 3603 1605 3675 Dat
1639 3602 1879 3700 presul
1919 3602 2099 3676 hanc
2132 3599 2485 3675 licentiam

1371 3722 1453 3789 ut
1487 3740 1613 3790 sua
1648 3725 1801 3791 tute
1834 3717 2166 3804 habeant,

1371 3831 1521 3906 sive
1557 3831 1692 3906 sibi
1729 3840 2144 3908 remaneant

1373 3946 1523 4021 sive
1562 3948 1654 4023 ab
1690 3948 1871 4023 urbe
1906 3956 2190 4023 exeant.

933 4064 1078 4139 286
1470 4067 1662 4137 Tunc
1695 4063 2021 4139 abierunt
2057 4062 2288 4138 clerici

1004 4329 1056 4385 1.
1097 4330 1557 4398 commonuimus.
1598 4326 1683 4386 Le
1719 4328 1939 4403 copiste
1967 4327 2120 4386 avait
2145 4325 2377 4385 d’abord
2405 4324 2548 4385 ecrit
2574 4328 3047 4396 eommunuitquo.
