3558 5493
1351 591 1694 646 emunt.

903 730 1115 821 atque
1150 722 1479 801 fidelibus
1516 728 1662 804 suis

904 846 1053 912 tam
1087 840 1230 915 fide
1266 866 1483 940 quam
1520 846 1980 922 sacramentis
2022 874 2038 920 ε

460 953 610 1029 272
1003 962 1075 1029 et
1110 957 1447 1056 quicquid
1483 961 1965 1038 consuluerint

903 1070 1057 1168 ipse
1091 1072 1391 1149 libenter
1422 1075 1716 1166 fecerit,·

798 1214 807 1229 ·
897 1185 961 1259 si
997 1186 1063 1261 ei
1099 1188 1500 1265 obedierint

899 1309 970 1375 et
1006 1311 1292 1378 cantare
1329 1308 1925 1407 presumpserint.

679 1511 1042 1629 ne'mga
1079 1548 1571 1617 clericorum
1608 1550 2348 1624 cameracensium.

459 1759 607 1836 273
998 1763 1201 1853 Quod
1236 1764 1688 1866 indignantes
1722 1771 1970 1848 audire

901 1886 973 1952 et
1009 1890 1427 1978 respuentes
1463 1884 1721 1977 facere,

899 1993 1055 2068 fero
1090 1995 1476 2073 frementes
1508 1999 1749 2075 furore

896 2117 969 2183 et
1004 2110 1275 2187 infinita
1311 2115 1506 2189 rabie

456 2222 552 2297 27
555 2220 603 2294 4
993 2216 1454 2327 sumpserunt
1490 2232 1563 2306 in
1600 2232 1934 2308 aecclesia

897 2352 1304 2420 sanctorum
1339 2356 1581 2423 sancta
1617 2374 1920 2451 corpora
1937 2409 1956 2442 ‚

897 2458 1214 2535 volentes
1250 2464 1647 2539 sanctuaria

898 2573 988 2648 de
1024 2576 1156 2651 hac
1189 2577 1465 2653 auferre
1499 2581 1756 2679 patria.

457 2686 553 2762 27
560 2684 604 2759 5
995 2690 1189 2768 Sicut
1223 2693 1461 2769 audivi
1498 2695 1735 2772 dicere

896 2813 969 2879 et
1002 2816 1084 2881 ut
1115 2810 1415 2907 probavi
1453 2808 1785 2910 denique,

894 2922 1155 2997 sanctis
1191 2925 1498 3023 arreptis
1532 2935 1805 3014 temere

892 3045 967 3111 et
998 3038 1150 3113 sine
1190 3039 1567 3117 devotione

453 3143 548 3222 27
553 3151 598 3220 6
986 3158 1340 3253 percussit
1373 3163 1561 3234 Deus
1596 3158 1757 3235 ideo

892 3275 1160 3345 terram
1194 3273 1448 3373 grandi
1486 3274 1854 3366 miraculo,

891 3387 1306 3483 expandens
1340 3390 1632 3489 ymbres
1672 3392 1911 3469 subito

895 3523 1058 3575 cum
1095 3505 1395 3602 strepitu
1432 3508 1757 3583 mirifico.

454 3610 601 3687 277
993 3619 1296 3694 Currant
1335 3633 1501 3719 post
1538 3649 1662 3699 eos
1698 3625 1939 3701 famuli

891 3740 966 3805 et
999 3734 1256 3810 milites
1292 3738 1608 3840 episcopi
1654 3767 1670 3813 t

888 3847 1168 3939 timent,
1211 3852 1492 3952 fugiunt
1527 3856 1790 3946 clerici,
1937 3887 1946 3898 ·

889 3975 1171 4040 sanctos
1205 3980 1581 4046 resumunt
1616 3972 1798 4046 laici.

448 4073 593 4151 278
988 4082 1100 4156 Sic
1137 4082 1457 4161 homines
1493 4088 1851 4185 pontificis

892 4197 1286 4274 retulerunt
1321 4203 1676 4278 aecclesiis

893 4320 1200 4403 sanctos,
1241 4318 1598 4414 percussis
1632 4319 1955 4416 plurimis

2520 598 2584 652 ⁴7
