3558 5493
945 553 1032 604 lm
1896 549 2094 601 casn

1510 759 1635 825 De
1679 757 2053 841 nequltia
2096 757 2470 825 Geram-m.

946 967 1085 1038 448
1477 965 1664 1036 Haec
1699 970 1809 1037 est
1843 963 1995 1063 ejus
2030 961 2306 1037 occasio

1378 1078 1627 1152 stantis
1661 1078 1732 1152 in
1771 1078 2127 1153 desiderio

1377 1217 1519 1289 qua
1554 1216 1789 1281 causa,
1831 1217 1978 1290 quo
2012 1191 2295 1293 ingenio

1374 1308 1591 1382 immo
1628 1333 1773 1407 quo
1811 1306 2037 1406 possit
2075 1309 2331 1383 merito

1369 1424 1723 1498 contraire
1760 1424 2126 1522 episcopo.

938 1544 1078 1615 449
1469 1540 1600 1630 Qui
1634 1540 1902 1638 presuli
1938 1539 2349 1614 continuum

1372 1656 1445 1728 in
1482 1654 1699 1729 corde
1735 1656 1971 1730 ferens
2006 1656 2279 1744 odium,

1374 1770 1644 1845 habens
1679 1771 1752 1846 in
1790 1796 1866 1847 se
1903 1771 2340 1861 demonium,

1373 1910 1516 1959 non
1554 1886 1738 1961 ultra
1773 1887 1953 1960 celat
1989 1886 2304 1961 animum
2348 1914 2362 1958 :

939 2005 1079 2081 420
1471 2002 1599 2077 sed
1636 2003 1865 2100 aperit
1903 2002 2289 2101 nequitiam

1372 2119 1443 2192 in
1479 2116 1696 2192 corde
1732 2143 1863 2194 suo
1899 2118 2212 2192 habitam

1371 2232 1622 2308 fraude
1657 2232 1778 2320 diu
1815 2232 2326 2308 absconditam.

1372 2349 1504 2438 Qui
1541 2374 1683 2423 non
1720 2349 2052 2425 diffidens
2087 2347 2471 2447 presulem,

937 2461 1065 2537 424
1471 2464 1848 2539 Castellum
1882 2464 2182 2563 requirit
2216 2469 2493 2539 Novum

1372 2604 1709 2679 magnum
1745 2579 2011 2654 ducens
2047 2579 2467 2669 exercitum,

1371 2694 1713 2771 assultum
1749 2694 1928 2770 dans
1965 2696 2451 2785 fortissimum,

1371 2812 1597 2913 captis
1631 2811 1910 2886 minans
1944 2812 2336 2888 interitum.

936 2929 1080 3005 422
1470 2933 1971 3005 Verumtamen
2010 2927 2418 3002 castricolae

1372 3068 1449 3117 se
1486 3041 1873 3118 defendunt
1907 3045 2276 3130 acerrime,

1371 3159 1569 3234 illurn
1604 3159 1729 3232 Dei
1758 3158 2122 3258 juvamine

1367 3273 1871 3372 compellentes
1905 3273 2268 3349 recedere.

934 3386 1074 3462 423
1466 3392 1663 3462 Nunc
1698 3388 1921 3486 iniqui
1958 3388 2313 3486 iniquitas,

1372 3528 1556 3577 nunc
1592 3503 1816 3579 dolosi
1858 3503 2197 3578 dolositas

1368 3618 1671 3716 probata
1706 3628 1815 3694 est
1852 3628 1924 3694 et
1958 3618 2241 3720 cognita

1365 3757 1499 3830 per
1534 3732 1687 3807 loca
1723 3732 2013 3832 quidem
2050 3732 2383 3831 plurima.

934 3843 1076 3919 ⁴24
1465 3849 1664 3921 Nunc
1699 3846 2028 3947 perjurus
2065 3844 2423 3920 Gerardus
2458 3853 2593 3932 est,

1363 3960 1631 4059 perjuri
1669 3971 1835 4037 sunt
1869 3970 1943 4037 et
1978 3961 2359 4059 complices

1239 4099 1249 4108 ·
1365 4075 1583 4151 Gilius
1617 4077 2000 4153 Montensis
2033 4076 2307 4152 comes¹

1000 4297 1053 4352 4.
1094 4294 1172 4351 Cc
1200 4293 1402 4368 Gilles,
1432 4294 1633 4369 appele
1661 4296 1736 4354 ici
1764 4296 1835 4355 de
1864 4297 2052 4370 Mons,
2085 4304 2144 4355 et
2170 4296 2297 4371 plus
2325 4296 2427 4355 bas
2464 4300 2582 4370 (stt.
2615 4297 2737 4369 218)
2766 4295 2839 4355 de
2866 4296 3040 4370 chin,
