3558 5493
550 1107 689 1177 380

549 1568 677 1639 384

444 2017 451 2026 ’
550 2029 691 2104 382

551 2494 690 2564 383

549 2952 688 3027 384

550 3418 690 3488 385

549 3880 690 3950 386

1464 621 1741 673 mooun.

986 757 1324 855 episcopo
1360 754 1763 828 communia

984 870 1179 969 quod
1214 867 1469 969 injuste
1505 868 1847 942 catholica

983 986 1328 1061 tolluntur
1365 984 1500 1059 sibi
1535 983 1800 1072 debita,

1081 1111 1154 1176 et
1189 1110 1431 1201 presto
1468 1109 1630 1174 sunt
1665 1108 1739 1173 et
1772 1099 2106 1187 offerunt,

985 1217 1040 1291 si
1080 1216 1326 1292 redeat
1361 1218 1845 1304 cameracum,

985 1330 1177 1430 quod
1212 1330 1740 1416 venerabuntur
1774 1354 1940 1404 eum

986 1456 1066 1521 ut
1106 1447 1467 1546 presulem
1502 1452 1571 1519 et
1611 1445 1981 1520 dominum

1084 1562 1509 1659 venientque
1546 1560 1985 1660 respondere

985 1686 1197 1775 atque
1235 1676 1371 1750 sibi
1407 1675 1788 1750 emendare

986 1793 1077 1868 de
1113 1817 1535 1891 quacunque
1569 1791 1835 1890 poterit
1870 1814 1950 1865 re

988 1909 1357 1985 universos
1394 1907 1779 2006 inculpare.
1923 1959 1930 1966 -

1084 2026 1325 2100 Sciens
1359 2024 1598 2123 presul
1638 2023 1832 2122 quod
1871 2022 2135 2120 inique,

984 2140 1177 2239 quod
1217 2141 1290 2213 in
1326 2139 1588 2241 lingua,
1632 2163 1776 2237 non
1814 2138 1886 2211 in
1928 2137 2172 2224 corde,

984 2257 1180 2355 quod
1214 2257 1284 2330 in
1322 2255 1513 2343 dole,
1556 2280 1696 2329 non
1736 2256 1808 2329 in
1844 2254 1987 2329 fide

984 2381 1241 2473 rogant
1275 2396 1439 2447 eum
1477 2397 1824 2461 remeare,

1083 2488 1527 2562 remandavit
1563 2491 2021 2565 cameracum

983 2628 1062 2678 se
1097 2626 1543 2701 nequaquam
1578 2601 1977 2677 rediturum

984 2743 1116 2794 nec
1152 2717 1470 2793 divinum
1504 2717 1819 2792 officium

983 2833 1343 2910 celebrare
1380 2856 1884 2906 concessurum

1083 2948 1310 3023 donec
1346 2947 1461 3022 ille
1492 2971 1734 3022 comes
1768 2946 2023 3022 Montis

985 3072 1197 3161 atque
1231 3062 1336 3138 sui
1375 3061 1639 3136 inimici

984 3179 1452 3255 morabuntur
1487 3179 1843 3255 Cameraci

982 3304 1232 3371 contra
1268 3296 1465 3371 illum
1500 3294 1911 3379 introducti,

1085 3437 1268 3510 quos
1303 3410 1375 3485 in
1416 3435 1618 3485 suam
1651 3408 2043 3485 civitatem¹

983 3536 1227 3603 contra
1265 3526 1417 3626 ejus
1452 3526 1889 3601 voluntatem

986 3644 1180 3719 cives
1217 3644 1348 3744 ipsi
1388 3650 1810 3739 receperant

985 3767 1058 3833 et
1090 3784 1209 3834 res
1244 3783 1407 3834 suas
1444 3764 1920 3832 vastaverant.

1081 3875 1219 3950 Sed
1259 3875 1318 3949 si
1354 3873 1622 3947 donant
1654 3873 1988 3947 fiduciam

983 3989 1457 4087 prosequendi
1488 3989 1841 4089 justiciam

981 4105 1302 4182 valcellis
1338 4104 1460 4178 dat
1497 4104 1629 4178 illis
1668 4105 1857 4179 diem

617 4362 667 4418 1.
711 4361 870 4418 Dans
898 4361 953 4418 le
981 4377 1090 4416 ms.
1125 4363 1187 4416 in
1214 4375 1318 4416 sua
1346 4363 1585 4416 civitate.

2569 621 2663 673 229
