3558 5493
1409 568 1804 623 nummum.
1839 571 1875 619 Ι.
2614 572 2705 625 117

585 713 740 781 tum
779 705 1024 779 nolens
1058 706 1314 780 inferre
1351 704 1858 783 detrimentum
1874 762 1893 793 ,
1936 704 2239 781 redemit
2285 729 2370 780 ca
2411 704 2503 781 de
2538 730 2707 805 pos-

585 821 900 895 sessione
936 821 1236 896 aliorum
1272 819 1710 896 reddituum.

681 941 764 1008 5.
813 942 938 1007 De
978 939 1610 1024 recuperatione
1643 939 1864 1006 Novi
1902 939 2265 1007 castelli.
2301 978 2402 994 —
2432 940 2532 1011 De
2569 936 2707 1011 alio

583 1050 844 1126 damno
905 1060 1237 1149 preterea
1294 1049 1490 1149 quod
1545 1050 1772 1125 multo
1829 1057 2155 1149 tempore
2214 1074 2423 1149 passa
2480 1050 2710 1126 fuerat

583 1167 1106 1243 Cameracensis
1141 1166 1501 1254 aecclesia,
1546 1166 1812 1240 scilicet
1838 1165 1929 1241 de
1953 1172 2151 1241 Novo
2179 1166 2477 1242 Castello
2514 1175 2586 1241 et
2617 1166 2708 1243 de

583 1282 1004 1372 castellania,
1045 1282 1416 1358 consilium
1452 1282 1689 1380 querit
1724 1282 2105 1381 episcopus
2129 1307 2171 1354 a
2198 1282 2346 1358 suis
2380 1282 2709 1359 fidelibus

582 1398 1063 1496 auxiliumque
1124 1398 1461 1496 postulat.
1540 1398 1836 1473 Miratur
1895 1397 2083 1475 enim
2144 1406 2217 1471 et
2279 1423 2419 1475 non
2480 1406 2711 1475 cessat

582 1507 909 1595 meditari
945 1538 1089 1612 quo
1126 1513 1354 1614 magis
1392 1513 1675 1613 ingenio
1709 1511 1881 1587 illud
1919 1512 2259 1588 damnum
2294 1513 2710 1589 mirabiliter

583 1628 1004 1727 impeditum
1061 1637 1306 1727 posset
1364 1628 1715 1727 expediri.
1782 1627 2067 1703 Tercius
2120 1629 2313 1703 enim
2365 1630 2710 1707 Henricus

583 1745 972 1843 imperator
999 1744 1475 1819 castellaniam
1502 1743 1862 1821 Cameraci
1884 1746 2306 1841 Novumque
2335 1746 2711 1822 Castellum

583 1861 896 1937 secundo
923 1861 1240 1937 Roberto
1276 1859 1519 1935 comiti
1546 1859 2030 1935 Flandriarum
2059 1858 2228 1933 olim
2264 1870 2711 1939 concesserat

582 1976 746 2051 ideo
781 1976 1294 2076 possidendum
1330 1984 1412 2050 ut
1445 1976 1864 2075 episcopum
1891 1999 2125 2064 suum,
2156 1999 2371 2074 quem
2395 1977 2711 2052 mitteret

582 2092 771 2192 apud
800 2097 1285 2181 cameracum,
1318 2092 1695 2192 diligenter
1712 2091 2118 2181 sustineret,
2151 2101 2225 2166 et
2250 2100 2543 2182 terram,
2569 2118 2708 2191 que

581 2208 673 2284 ad
708 2234 1010 2309 regnum
1047 2233 1255 2283 suum
1284 2208 1618 2307 pertinet,
1651 2207 1933 2285 fidelius
1956 2208 2413 2284 mstodiret¹.
2455 2212 2708 2286 Comes

583 2326 821 2423 itaque
846 2325 1200 2402 Robertus
1223 2325 1296 2399 in
1323 2348 1540 2400 manu
1569 2349 1694 2400 sua
1722 2324 2086 2400 castellum
2111 2325 2362 2414 tenuit,
2405 2334 2478 2401 et
2503 2330 2708 2427 Hugo

582 2441 673 2516 de
708 2440 1092 2541 Osgiacho²
1110 2498 1127 2529 ,
1182 2441 1370 2516 filius
1405 2440 1723 2540 Hugonis
1759 2439 2113 2516 castellani
2148 2443 2702 2531 Cameracensis,

582 2556 1056 2632 castellaniam
1090 2557 1281 2631 illam
1317 2583 1361 2631 a
1398 2557 1657 2632 comite
1700 2557 1836 2633 sibi
1882 2580 2290 2632 concessam
2333 2558 2603 2656 recepit
2636 2566 2710 2632 et

582 2671 883 2772 provide
920 2672 1054 2748 sibi
1091 2672 1483 2749 hominium
1519 2672 1806 2763 faciens,
1849 2671 2260 2748 fidelitatem
2288 2673 2530 2749 comiti
2557 2697 2707 2749 ser-

580 2812 751 2861 vare
768 2786 1058 2885 juravit.
1093 2790 1345 2863 Comes
1372 2813 1507 2886 pro
1537 2787 1937 2887 hujusmodi
1967 2788 2223 2863 crebro
2251 2790 2706 2864 Cameracum

582 2902 943 2991 veniebat,
988 2902 1610 2980 Cameracensibus
1647 2902 2018 2977 conferens
2048 2903 2388 2979 auxilium
2417 2904 2537 2980 ubi
2583 2930 2708 2979 ne-

581 3018 873 3092 cessitas
908 3016 1262 3117 exigebat.
1304 3017 1442 3092 Sed
1480 3016 1682 3092 brevi
1708 3018 1960 3094 vivens
1985 3026 2310 3118 tempore
2341 3021 2707 3118 profectus

582 3143 692 3208 est
749 3133 993 3210 Meldis
1055 3134 1368 3232 quodam
1425 3134 1539 3209 die
1597 3135 1834 3211 subito
1893 3135 2247 3212 extinctus
2305 3147 2416 3213 est
2429 3139 2457 3185 ³
2522 3138 2708 3214 inter

656 3330 707 3385 1.
752 3329 951 3402 Comp.
985 3329 1114 3402 plus
1143 3328 1286 3387 haut
1312 3329 1451 3387 Gest.
1487 3331 1761 3398 Galcheri‚
1798 3338 1897 3388 str.
1929 3330 2053 3390 528.

652 3418 705 3476 2.
748 3418 986 3493 Hugues
1013 3419 1074 3476 H
1101 3419 1325 3494 d'Oisy,
1368 3419 1460 3477 fils
1502 3420 1574 3477 de
1612 3420 1855 3495 Hugues
1891 3420 1988 3494 10‘,
2033 3421 2247 3496 epousa
2282 3422 2592 3482 Heldriade
2632 3442 2708 3483 ou

582 3506 872 3565 Hedriade
900 3507 1187 3581 (Diplome
1212 3507 1284 3567 de
1308 3507 1710 3568 confirmation
1738 3510 1809 3568 de
1839 3510 1896 3568 la
1920 3510 2222 3570 fondation
2250 3510 2321 3569 de
2353 3510 2610 3588 l‘abhaye
2637 3514 2709 3573 de

583 3594 887 3654 Vaucelles
915 3611 1018 3670 par
1042 3596 1282 3671 Hugnes
1313 3597 1374 3654 H
1404 3597 1605 3672 d’Oisy
1634 3605 1694 3657 et
1719 3599 2049 3657 Heldriade.
2083 3599 2363 3674 Miraeus,
2405 3602 2501 3674 Op.
2542 3604 2704 3675 dipl„

581 3691 622 3741 t.
656 3683 765 3756 ΠΙ,
796 3701 854 3758 p.
888 3683 1001 3758 37),
1031 3685 1207 3758 qu'on
1235 3684 1320 3743 dit
1347 3686 1506 3744 avoir
1541 3686 1633 3744 ete
1671 3704 1827 3745 soeur
1864 3687 2083 3747 d’lsaac
2119 3688 2189 3748 de
2217 3690 2490 3749 Baudour
2525 3707 2602 3750 ou
2639 3692 2710 3751 de

582 3773 752 3830 Mons
780 3773 884 3846 (Le
913 3773 1268 3848 Carpentier,
1301 3777 1442 3832 Hist.
1473 3778 1538 3832 do
1566 3777 1858 3847 cambrai,
1900 3785 1943 3836 t.
1975 3777 2034 3852 Ι,
2074 3786 2218 3853 part.
2259 3779 2318 3854 1,
2359 3799 2416 3856 p.
2445 3780 2570 3852 235)
2593 3824 2609 3854 ,
2651 3788 2712 3839 et

583 3877 684 3934 par
711 3860 1071 3936 consequent
1097 3870 1258 3921 tante
1285 3863 1357 3921 de
1388 3864 1644 3939 l'eveque
1673 3865 1939 3938 Nicolas,
1970 3866 2113 3926 dont
2140 3867 2224 3926 les
2253 3869 2431 3929 Actes
2459 3886 2522 3927 se
2550 3877 2710 3928 trou-

581 3956 716 4007 vent
746 3950 780 4006 ὲ
808 3950 865 4007 la
893 3950 974 4006 fin
1003 3950 1075 4008 de
1105 3959 1270 4010 notre
1300 3952 1630 4012 document.
1672 3953 1807 4011 Une
1835 3955 2170 4029 expression
2199 3958 2298 4031 qui
2328 3958 2552 4016 revient
2577 3955 2712 4032 plu-

583 4038 768 4096 sieurs
805 4037 914 4096 fois
945 4039 1089 4097 dans
1116 4056 1212 4098 ces
1243 4041 1421 4099 Actes
1471 4041 1747 4100 confirma
1784 4043 1839 4100 le
1876 4043 1982 4101 fait
2016 4044 2089 4100 de
2124 4044 2184 4103 la
2217 4045 2431 4119 proche
2476 4046 2713 4119 parente

584 4133 748 4183 entre
791 4126 847 4184 la
885 4126 1097 4186 femme
1138 4128 1210 4187 de
1250 4129 1491 4204 Hugues
1532 4131 1592 4187 11
1634 4130 1838 4207 d'Oisy
1879 4140 1939 4190 et
1980 4133 2214 4193 Nicolas
2259 4135 2411 4209 (θαι.
2459 4136 2707 4203 Nicolai,

586 4221 687 4272 str.
721 4214 850 4287 2⁰2,
878 4214 1006 4286 247,
1035 4215 1161 4288 252,
1183 4215 1307 4287 268,
1332 4218 1481 4290 272),
1508 4220 1609 4294 qui
1631 4226 1721 4277 est
1739 4219 1818 4277 du
1840 4228 1990 4280 reste
2006 4222 2263 4280 affirmee
2283 4225 2715 4297 expressement

585 4319 688 4377 par
718 4304 988 4361 Lambert
1015 4303 1087 4362 de
1115 4304 1415 4366 Watrelos
1447 4311 1649 4382 (comp.
1685 4311 1849 4383 ibid„
1880 4317 2016 4368 note
2040 4311 2073 4368 a
2104 4311 2158 4369 la
2187 4318 2288 4369 str.
2320 4310 2466 4386 202).

659 4394 711 4451 3.
753 4392 894 4451 L'an
935 4396 1072 4453 1116
1104 4397 1331 4466 (Annal.
1363 4400 1699 4468 Aquicinct„
1733 4417 1791 4473 p.
1837 4400 1959 4460 504.
2004 4432 2071 4443 —
2110 4401 2402 4461 Lambort.
2440 4402 2711 4474 Watrel.,
