3558 5493
921 591 1007 645 146
1861 590 2067 642 Gsssn

964 731 1057 799 25
1305 734 1552 823 utpote
1588 725 1709 822 qui
1748 733 1902 798 erat
1937 723 2306 799 instinctus
2344 725 2619 809 litteris,

1203 850 1494 915 ornatus
1531 840 1743 914 etiam
1779 840 2101 915 moribus
2131 839 2421 939 optimis

1199 964 1272 1028 et
1301 955 1394 1031 de
1424 954 1795 1029 ordinibus
1825 954 2337 1044 ecclesiasticis,

1200 1071 1466 1146 facetus
1498 1080 1572 1144 et
1604 1069 1924 1169 prudens
1960 1080 2027 1145 et
2066 1070 2522 1145 honorabilis.

956 1190 1050 1265 26
1296 1186 1426 1275 Qui
1463 1187 1750 1284 placens
1784 1185 2114 1261 omnibus
2149 1210 2284 1284 per
2318 1212 2446 1260 sua
2481 1185 2731 1260 merita

1198 1311 1410 1401 atque
1445 1327 1579 1402 per
1609 1326 1926 1403 congrua
1961 1306 2114 1400 ejus
2150 1302 2464 1390 servitia,

1197 1418 1476 1492 Henrici
1512 1419 1775 1493 cesaris
1812 1417 2070 1492 mansit
2103 1417 2172 1491 in
2207 1417 2402 1491 curia

1197 1542 1275 1610 ut
1310 1533 1583 1632 probus
1617 1533 1916 1608 clericus
1950 1541 2022 1609 et
2058 1541 2307 1608 cautus
2344 1532 2635 1607 vernula
2647 1538 2669 1606 .‘

873 1720 878 1725 .
956 1654 1048 1728 27
1295 1655 1494 1724 Hunc
1528 1674 1730 1725 cesar
1765 1649 2065 1749 diligens
2101 1674 2235 1747 pro
2271 1648 2418 1722 suis
2450 1647 2723 1723 actibus

1198 1764 1505 1862 acceptis
1541 1771 1687 1836 tam
1722 1768 1869 1838 Dco
1901 1788 2119 1861 quam
2154 1772 2228 1837 et
2260 1761 2688 1849 hominibus,

1190 1878 1458 1978 judicat
1491 1879 1713 1953 affore
1749 1878 2049 1978 dignum
2082 1879 2157 1952 in
2194 1878 2526 1953 omnibus

1197 2002 1475 2068 sanctae
1511 1994 1886 2068 aecclesiae
1922 1993 2456 2091 prelationibUS.

954 2112 1047 2188 28
1295 2108 1469 2184 Hinc
1504 2133 1636 2207 per
1663 2109 2041 2207 epistolam
2077 2117 2491 2205 certumque
2528 2107 2850 2182 nuntium

1194 2224 1385 2300 clero
1423 2233 1494 2298 et
1531 2225 1799 2323 populo
1837 2224 2444 2299 cameracensium

1196 2340 1484 2414 mandat
1513 2350 1591 2414 et
1625 2340 1926 2413 consulit
1959 2349 2040 2414 ut
2073 2341 2145 2413 in
2183 2340 2596 2438 episcopum

1194 2455 1680 2530 Burchardum
1715 2455 1978 2555 eligant
2012 2480 2219 2531 suum
2255 2456 2720 2530 carissimum.

952 2572 1046 2647 29
1293 2571 1645 2645 Promittit
1679 2570 1893 2645 etiam
1928 2570 2118 2645 bona
2151 2571 2527 2646 aecclesiae

1194 2685 1382 2762 intus
1419 2695 1492 2760 et
1526 2685 1791 2761 deforis
1829 2695 2077 2761 cuncta
2115 2686 2498 2763 defendere

1194 2809 1266 2874 et
1301 2800 1560 2898 quibus
1597 2801 1863 2900 poterit
1896 2802 2130 2877 modis
2168 2825 2598 2888 accrescere,

1193 2916 1253 2990 si
1287 2917 1484 2991 illum
1521 2917 1849 2992 studeant
1885 2917 2021 2993 sibi
2056 2919 2425 3017 preficere.

953 3037 1043 3106 30
1290 3032 1587 3132 Cognito
1623 3034 1885 3108 cesaris
1920 3034 2112 3108 bono
2149 3032 2441 3108 consilio

1191 3155 1263 3221 et
1299 3147 1486 3222 bona
1521 3148 1758 3222 omnia
1793 3157 2095 3223 testante
2133 3149 2404 3236 nuntio,

1191 3264 1516 3362 protinus
1555 3264 1736 3336 facta
1771 3273 1883 3338 est
1918 3289 2212 3338 consors
2249 3263 2496 3338 electio

1193 3404 1235 3451 a
1270 3378 1459 3452 clero
1499 3378 1765 3476 pariter
1801 3388 2013 3475 atquc
2050 3406 2092 3453 a
2130 3379 2422 3478 populo‘

952 3497 1028 3567 34
1289 3491 1565 3568 Electus
1598 3492 1840 3590 itaque
1872 3494 2128 3592 repetit
2164 3519 2481 3569 cesarem

1190 3614 1263 3681 et
1296 3631 1496 3681 cesar
1529 3607 1724 3707 eligit
1755 3608 1993 3707 ipsum
2028 3608 2098 3683 in
2139 3611 2520 3708 presulem.

1191 3724 1251 3794 A
1288 3723 1724 3821 coepiscopis
1760 3724 2024 3799 electus
2060 3726 2297 3816 etiam,

1189 3835 1281 3912 ad
1317 3836 1453 3912 sibi
1489 3838 1823 3913 traditam
1857 3840 2045 3914 redit
2080 3841 2473 3917 ecclesiam.

949 3950 1043 4027 32
1287 3957 1375 4027 Et
1409 3978 1571 4056 cum
1610 3955 1951 4054 recipitur
1984 3956 2255 4031 honore
2292 3956 2532 4033 debito

1188 4071 1796 4146 Cameracensium
1833 4100 1875 4147 a
1909 4098 2126 4173 grege
2165 4074 2475 4162 subdito,

1186 4183 1429 4260 laudes
1465 4194 1538 4260 et
1572 4188 1841 4286 gratiae
1876 4186 2273 4263 redduntur
2307 4187 2606 4262 Domino

1186 4299 1379 4397 quod
1417 4302 1519 4376 sic
1554 4304 1966 4378 confirmata
2002 4312 2115 4378 est
2149 4303 2300 4403 ejus
2337 4303 2611 4378 electio.
