<?xml version="1.0" encoding="UTF-8"?>
<!DOCTYPE html PUBLIC "-//W3C//DTD XHTML 1.0 Transitional//EN"
    "http://www.w3.org/TR/xhtml1/DTD/xhtml1-transitional.dtd">
<html xmlns="http://www.w3.org/1999/xhtml" xml:lang="en" lang="en">
 <head>
  <title>
</title>
<meta http-equiv="Content-Type" content="text/html;charset=utf-8" />
  <meta name='ocr-system' content='tesseract 3.04.00' />
  <meta name='ocr-capabilities' content='ocr_page ocr_carea ocr_par ocr_line ocrx_word'/>
</head>
<body>
  <div class='ocr_page' id='page_1' title='image "./gestesdesvquesd00unkngoog_0264.png"; bbox 0 0 3558 5493; ppageno 0'>
   <div class='ocr_carea' id='block_1_1' title="bbox 929 726 1075 805">
    <p class='ocr_par' dir='ltr' id='par_1_1' title="bbox 929 726 1075 805">
     <span class='ocr_line' id='line_1_1' title="bbox 929 726 1075 805; baseline -0.027 -1"><span class='ocrx_word' id='word_1_1' title='bbox 929 726 1075 805; x_wconf 87' lang='grc'>240</span> 
     </span>
    </p>
   </div>
   <div class='ocr_carea' id='block_1_2' title="bbox 923 1187 1054 1264">
    <p class='ocr_par' dir='ltr' id='par_1_2' title="bbox 923 1187 1054 1264">
     <span class='ocr_line' id='line_1_2' title="bbox 923 1187 1054 1264; baseline -0.015 0"><span class='ocrx_word' id='word_1_2' title='bbox 923 1187 1054 1264; x_wconf 74' lang='grc'>241</span> 
     </span>
    </p>
   </div>
   <div class='ocr_carea' id='block_1_3' title="bbox 916 1651 1063 1729">
    <p class='ocr_par' dir='ltr' id='par_1_3' title="bbox 916 1651 1063 1729">
     <span class='ocr_line' id='line_1_3' title="bbox 916 1651 1063 1729; baseline 0.007 -2"><span class='ocrx_word' id='word_1_3' title='bbox 916 1651 1063 1729; x_wconf 91' lang='grc'>242</span> 
     </span>
    </p>
   </div>
   <div class='ocr_carea' id='block_1_4' title="bbox 912 2114 1057 2192">
    <p class='ocr_par' dir='ltr' id='par_1_4' title="bbox 912 2114 1057 2192">
     <span class='ocr_line' id='line_1_4' title="bbox 912 2114 1057 2192; baseline -0.021 -1"><span class='ocrx_word' id='word_1_4' title='bbox 912 2114 1057 2192; x_wconf 85' lang='grc'>243</span> 
     </span>
    </p>
   </div>
   <div class='ocr_carea' id='block_1_5' title="bbox 903 2807 1048 2887">
    <p class='ocr_par' dir='ltr' id='par_1_5' title="bbox 903 2807 1048 2887">
     <span class='ocr_line' id='line_1_5' title="bbox 903 2807 1048 2887; baseline -0.034 -1"><span class='ocrx_word' id='word_1_5' title='bbox 903 2807 1048 2887; x_wconf 79' lang='grc'>245</span> 
     </span>
    </p>
   </div>
   <div class='ocr_carea' id='block_1_6' title="bbox 898 3270 1043 3349">
    <p class='ocr_par' dir='ltr' id='par_1_6' title="bbox 898 3270 1043 3349">
     <span class='ocr_line' id='line_1_6' title="bbox 898 3270 1043 3349; baseline -0.055 0"><span class='ocrx_word' id='word_1_6' title='bbox 898 3270 1043 3349; x_wconf 87' lang='grc'>246</span> 
     </span>
    </p>
   </div>
   <div class='ocr_carea' id='block_1_7' title="bbox 894 3729 1040 3809">
    <p class='ocr_par' dir='ltr' id='par_1_7' title="bbox 894 3729 1040 3809">
     <span class='ocr_line' id='line_1_7' title="bbox 894 3729 1040 3809; baseline -0.034 -1"><span class='ocrx_word' id='word_1_7' title='bbox 894 3729 1040 3809; x_wconf 84' lang='grc'>247</span> 
     </span>
    </p>
   </div>
   <div class='ocr_carea' id='block_1_8' title="bbox 887 4191 1032 4269">
    <p class='ocr_par' dir='ltr' id='par_1_8' title="bbox 887 4191 1032 4269">
     <span class='ocr_line' id='line_1_8' title="bbox 887 4191 1032 4269; baseline -0.028 0"><span class='ocrx_word' id='word_1_8' title='bbox 887 4191 1032 4269; x_wconf 87' lang='grc'>248</span> 
     </span>
    </p>
   </div>
   <div class='ocr_carea' id='block_1_9' title="bbox 1880 591 2091 646">
    <p class='ocr_par' dir='ltr' id='par_1_9' title="bbox 1880 591 2091 646">
     <span class='ocr_line' id='line_1_9' title="bbox 1880 591 2091 646; baseline -0.009 0"><span class='ocrx_word' id='word_1_9' title='bbox 1880 591 2091 646; x_wconf 71' lang='grc' dir='ltr'><strong>ΒΕΒΤΑ</strong></span> 
     </span>
    </p>
   </div>
   <div class='ocr_carea' id='block_1_10' title="bbox 1327 727 2505 4406">
    <p class='ocr_par' dir='ltr' id='par_1_10' title="bbox 1362 727 2505 1173">
     <span class='ocr_line' id='line_1_10' title="bbox 1468 727 2355 802; baseline -0.002 0"><span class='ocrx_word' id='word_1_10' title='bbox 1468 751 1599 802; x_wconf 92' lang='lat' dir='ltr'>nec</span> <span class='ocrx_word' id='word_1_11' title='bbox 1634 735 1972 802; x_wconf 88' lang='lat' dir='ltr'>externus</span> <span class='ocrx_word' id='word_1_12' title='bbox 2002 727 2355 802; x_wconf 79' lang='lat' dir='ltr'>civitatem</span> 
     </span>
     <span class='ocr_line' id='line_1_11' title="bbox 1365 843 2252 943; baseline 0 -26"><span class='ocrx_word' id='word_1_13' title='bbox 1365 843 1860 943; x_wconf 79' lang='lat' dir='ltr'>ingrederetur</span> <span class='ocrx_word' id='word_1_14' title='bbox 1897 843 2252 941; x_wconf 81' lang='lat' dir='ltr'>quispiam</span> 
     </span>
     <span class='ocr_line' id='line_1_12' title="bbox 1368 958 2505 1058; baseline 0 -25"><span class='ocrx_word' id='word_1_15' title='bbox 1368 958 1503 1033; x_wconf 89' lang='lat' dir='ltr'>nisi</span> <span class='ocrx_word' id='word_1_16' title='bbox 1538 983 1671 1058; x_wconf 83' lang='lat' dir='ltr'>per</span> <span class='ocrx_word' id='word_1_17' title='bbox 1706 958 1944 1057; x_wconf 90' lang='lat' dir='ltr'>ipsum</span> <span class='ocrx_word' id='word_1_18' title='bbox 1977 962 2362 1058; x_wconf 83' lang='lat' dir='ltr'>Symonem</span> <span class='ocrx_word' id='word_1_19' title='bbox 2499 969 2505 973; x_wconf 52' lang='lat'><strong>⁴</strong></span> 
     </span>
     <span class='ocr_line' id='line_1_13' title="bbox 1362 1073 2487 1173; baseline 0.001 -24"><span class='ocrx_word' id='word_1_20' title='bbox 1362 1081 1484 1150; x_wconf 86' lang='lat' dir='ltr'>aut</span> <span class='ocrx_word' id='word_1_21' title='bbox 1516 1099 1651 1173; x_wconf 89' lang='lat' dir='ltr'>per</span> <span class='ocrx_word' id='word_1_22' title='bbox 1687 1073 2118 1150; x_wconf 82' lang='lat' dir='ltr'>conductum</span> <span class='ocrx_word' id='word_1_23' title='bbox 2153 1074 2487 1172; x_wconf 83' lang='lat' dir='ltr'><strong>aliquem.</strong></span> 
     </span>
    </p>

    <p class='ocr_par' dir='ltr' id='par_1_11' title="bbox 1355 1189 2494 1637">
     <span class='ocr_line' id='line_1_14' title="bbox 1460 1189 2494 1266; baseline -0.001 0"><span class='ocrx_word' id='word_1_24' title='bbox 1460 1190 1574 1266; x_wconf 90' lang='lat' dir='ltr'>Sic</span> <span class='ocrx_word' id='word_1_25' title='bbox 1608 1189 1856 1265; x_wconf 83' lang='lat' dir='ltr'>civitas</span> <span class='ocrx_word' id='word_1_26' title='bbox 1892 1189 2395 1265; x_wconf 81' lang='lat' dir='ltr'>circumclausa</span> <span class='ocrx_word' id='word_1_27' title='bbox 2489 1223 2494 1228; x_wconf 86' lang='lat'><strong>·</strong></span> 
     </span>
     <span class='ocr_line' id='line_1_15' title="bbox 1361 1303 2324 1403; baseline 0.001 -25"><span class='ocrx_word' id='word_1_28' title='bbox 1361 1330 1592 1403; x_wconf 89' lang='lat' dir='ltr'>neque</span> <span class='ocrx_word' id='word_1_29' title='bbox 1627 1303 1819 1380; x_wconf 87' lang='lat' dir='ltr'>intus</span> <span class='ocrx_word' id='word_1_30' title='bbox 1852 1329 2083 1403; x_wconf 91' lang='lat' dir='ltr'>neque</span> <span class='ocrx_word' id='word_1_31' title='bbox 2119 1313 2324 1381; x_wconf 86' lang='lat' dir='ltr'>extra</span> 
     </span>
     <span class='ocr_line' id='line_1_16' title="bbox 1358 1420 2054 1495; baseline 0.001 -1"><span class='ocrx_word' id='word_1_32' title='bbox 1358 1420 1624 1494; x_wconf 88' lang='lat' dir='ltr'>valeret</span> <span class='ocrx_word' id='word_1_33' title='bbox 1657 1420 2054 1495; x_wconf 87' lang='lat' dir='ltr'>necessaria</span> 
     </span>
     <span class='ocr_line' id='line_1_17' title="bbox 1355 1535 2064 1637; baseline -0.006 -26"><span class='ocrx_word' id='word_1_34' title='bbox 1355 1561 1691 1612; x_wconf 87' lang='lat' dir='ltr'>exercere</span> <span class='ocrx_word' id='word_1_35' title='bbox 1727 1535 2064 1637; x_wconf 82' lang='lat' dir='ltr'>negotia..</span> 
     </span>
    </p>

    <p class='ocr_par' dir='ltr' id='par_1_12' title="bbox 1354 1652 2428 2098">
     <span class='ocr_line' id='line_1_18' title="bbox 1455 1652 2196 1753; baseline 0 -27"><span class='ocrx_word' id='word_1_36' title='bbox 1455 1652 1786 1753; x_wconf 84' lang='lat' dir='ltr'>Intelligit</span> <span class='ocrx_word' id='word_1_37' title='bbox 1819 1652 2196 1750; x_wconf 86' lang='lat' dir='ltr'>episcopus</span> 
     </span>
     <span class='ocr_line' id='line_1_19' title="bbox 1354 1767 2428 1867; baseline -0.004 -22"><span class='ocrx_word' id='word_1_38' title='bbox 1354 1768 1548 1867; x_wconf 88' lang='lat' dir='ltr'>quod</span> <span class='ocrx_word' id='word_1_39' title='bbox 1584 1794 1837 1845; x_wconf 87' lang='lat' dir='ltr'>verum</span> <span class='ocrx_word' id='word_1_40' title='bbox 1875 1768 2047 1843; x_wconf 92' lang='lat' dir='ltr'>dicit</span> <span class='ocrx_word' id='word_1_41' title='bbox 2080 1767 2390 1867; x_wconf 91' lang='lat' dir='ltr'>populus</span> <span class='ocrx_word' id='word_1_42' title='bbox 2406 1824 2428 1856; x_wconf 84' lang='lat'>‚</span> 
     </span>
     <span class='ocr_line' id='line_1_20' title="bbox 1354 1884 2229 1984; baseline -0.001 -24"><span class='ocrx_word' id='word_1_43' title='bbox 1354 1884 1481 1960; x_wconf 88' lang='lat' dir='ltr'>sed</span> <span class='ocrx_word' id='word_1_44' title='bbox 1516 1912 1558 1960; x_wconf 91' lang='lat' dir='ltr'>a</span> <span class='ocrx_word' id='word_1_45' title='bbox 1596 1888 1906 1984; x_wconf 85' lang='lat' dir='ltr'>Symone</span> <span class='ocrx_word' id='word_1_46' title='bbox 1941 1894 2229 1959; x_wconf 84' lang='lat' dir='ltr'>coactus</span> 
     </span>
     <span class='ocr_line' id='line_1_21' title="bbox 1354 1997 2259 2098; baseline -0.002 -24"><span class='ocrx_word' id='word_1_47' title='bbox 1354 2004 1432 2074; x_wconf 88' lang='lat' dir='ltr'>ut</span> <span class='ocrx_word' id='word_1_48' title='bbox 1469 1999 1786 2075; x_wconf 87' lang='lat' dir='ltr'>attendat</span> <span class='ocrx_word' id='word_1_49' title='bbox 1823 1998 2042 2073; x_wconf 89' lang='lat' dir='ltr'>fidem</span> <span class='ocrx_word' id='word_1_50' title='bbox 2079 1997 2259 2098; x_wconf 74' lang='lat' dir='ltr'>ejuS,</span> 
     </span>
    </p>

    <p class='ocr_par' dir='ltr' id='par_1_13' title="bbox 1345 2114 2190 2443">
     <span class='ocr_line' id='line_1_22' title="bbox 1449 2114 2146 2190; baseline -0.004 0"><span class='ocrx_word' id='word_1_51' title='bbox 1449 2115 1509 2190; x_wconf 90' lang='lat' dir='ltr'>si</span> <span class='ocrx_word' id='word_1_52' title='bbox 1545 2114 1843 2190; x_wconf 85' lang='lat' dir='ltr'>deberet</span> <span class='ocrx_word' id='word_1_53' title='bbox 1877 2114 2146 2189; x_wconf 86' lang='lat' dir='ltr'>exulari</span> 
     </span>
     <span class='ocr_line' id='line_1_23' title="bbox 1346 2229 2190 2328; baseline -0.001 -25"><span class='ocrx_word' id='word_1_54' title='bbox 1346 2237 1419 2303; x_wconf 89' lang='lat' dir='ltr'>et</span> <span class='ocrx_word' id='word_1_55' title='bbox 1452 2229 1752 2304; x_wconf 89' lang='lat' dir='ltr'>adversa</span> <span class='ocrx_word' id='word_1_56' title='bbox 1788 2230 2009 2304; x_wconf 86' lang='lat' dir='ltr'>multa</span> <span class='ocrx_word' id='word_1_57' title='bbox 2044 2229 2190 2328; x_wconf 89' lang='lat' dir='ltr'>pati</span> 
     </span>
     <span class='ocr_line' id='line_1_24' title="bbox 1345 2343 2178 2443; baseline -0.004 -24"><span class='ocrx_word' id='word_1_58' title='bbox 1345 2353 1421 2419; x_wconf 92' lang='lat' dir='ltr'>et</span> <span class='ocrx_word' id='word_1_59' title='bbox 1455 2344 1546 2419; x_wconf 85' lang='lat' dir='ltr'>ab</span> <span class='ocrx_word' id='word_1_60' title='bbox 1582 2345 1853 2419; x_wconf 88' lang='lat' dir='ltr'>honore</span> <span class='ocrx_word' id='word_1_61' title='bbox 1890 2343 2178 2443; x_wconf 88' lang='lat' dir='ltr'>deponi,</span> 
     </span>
    </p>

    <p class='ocr_par' dir='ltr' id='par_1_14' title="bbox 1343 2459 2413 2774">
     <span class='ocr_line' id='line_1_25' title="bbox 1443 2459 2398 2559; baseline -0.002 -24"><span class='ocrx_word' id='word_1_62' title='bbox 1443 2469 1730 2558; x_wconf 84' lang='lat' dir='ltr'>oportet</span> <span class='ocrx_word' id='word_1_63' title='bbox 1763 2469 2003 2534; x_wconf 90' lang='lat' dir='ltr'>tamen</span> <span class='ocrx_word' id='word_1_64' title='bbox 2039 2459 2398 2559; x_wconf 83' lang='lat' dir='ltr'>presulem</span> 
     </span>
     <span class='ocr_line' id='line_1_26' title="bbox 1347 2574 2413 2652; baseline -0.001 -2"><span class='ocrx_word' id='word_1_65' title='bbox 1347 2584 1469 2650; x_wconf 87' lang='lat' dir='ltr'>aut</span> <span class='ocrx_word' id='word_1_66' title='bbox 1504 2574 1865 2651; x_wconf 81' lang='lat' dir='ltr'>volentem</span> <span class='ocrx_word' id='word_1_67' title='bbox 1900 2584 2023 2651; x_wconf 91' lang='lat' dir='ltr'>aut</span> <span class='ocrx_word' id='word_1_68' title='bbox 2056 2577 2413 2652; x_wconf 87' lang='lat' dir='ltr'>nolentem</span> 
     </span>
     <span class='ocr_line' id='line_1_27' title="bbox 1343 2691 2288 2774; baseline 0.001 -8"><span class='ocrx_word' id='word_1_69' title='bbox 1343 2715 1769 2767; x_wconf 86' lang='lat' dir='ltr'>conservare</span> <span class='ocrx_word' id='word_1_70' title='bbox 1805 2716 2007 2774; x_wconf 83' lang='lat' dir='ltr'>suam</span> <span class='ocrx_word' id='word_1_71' title='bbox 2043 2691 2288 2767; x_wconf 88' lang='lat' dir='ltr'>fidem.</span> 
     </span>
    </p>

    <p class='ocr_par' dir='ltr' id='par_1_15' title="bbox 1336 2808 2481 3253">
     <span class='ocr_line' id='line_1_28' title="bbox 1442 2808 2481 2884; baseline 0 -2"><span class='ocrx_word' id='word_1_72' title='bbox 1442 2813 1618 2882; x_wconf 91' lang='lat' dir='ltr'>Nam</span> <span class='ocrx_word' id='word_1_73' title='bbox 1653 2808 2032 2884; x_wconf 88' lang='lat' dir='ltr'>consulunt</span> <span class='ocrx_word' id='word_1_74' title='bbox 2066 2808 2202 2883; x_wconf 90' lang='lat' dir='ltr'>sibi</span> <span class='ocrx_word' id='word_1_75' title='bbox 2233 2830 2481 2882; x_wconf 88' lang='lat' dir='ltr'>omnes</span> 
     </span>
     <span class='ocr_line' id='line_1_29' title="bbox 1339 2922 2244 3023; baseline 0.004 -27"><span class='ocrx_word' id='word_1_76' title='bbox 1339 2922 1774 3022; x_wconf 79' lang='lat' dir='ltr'>archipresul</span> <span class='ocrx_word' id='word_1_77' title='bbox 1815 2932 1887 2997; x_wconf 88' lang='lat' dir='ltr'>et</span> <span class='ocrx_word' id='word_1_78' title='bbox 1921 2925 2244 3023; x_wconf 82' lang='lat' dir='ltr'>presules</span> 
     </span>
     <span class='ocr_line' id='line_1_30' title="bbox 1336 3038 2225 3126; baseline -0.001 -12"><span class='ocrx_word' id='word_1_79' title='bbox 1336 3046 1418 3114; x_wconf 90' lang='lat' dir='ltr'>ut</span> <span class='ocrx_word' id='word_1_80' title='bbox 1454 3047 1785 3114; x_wconf 87' lang='lat' dir='ltr'>servetur</span> <span class='ocrx_word' id='word_1_81' title='bbox 1820 3038 1985 3113; x_wconf 90' lang='lat' dir='ltr'>data</span> <span class='ocrx_word' id='word_1_82' title='bbox 2018 3039 2225 3126; x_wconf 83' lang='lat' dir='ltr'>fides,</span> 
     </span>
     <span class='ocr_line' id='line_1_31' title="bbox 1336 3153 2239 3253; baseline 0 -25"><span class='ocrx_word' id='word_1_83' title='bbox 1336 3154 1654 3253; x_wconf 86' lang='lat' dir='ltr'>talesque</span> <span class='ocrx_word' id='word_1_84' title='bbox 1690 3155 1916 3229; x_wconf 88' lang='lat' dir='ltr'>donet</span> <span class='ocrx_word' id='word_1_85' title='bbox 1951 3153 2239 3229; x_wconf 90' lang='lat' dir='ltr'>obsides</span> 
     </span>
    </p>

    <p class='ocr_par' dir='ltr' id='par_1_16' title="bbox 1332 3269 2364 3713">
     <span class='ocr_line' id='line_1_32' title="bbox 1436 3269 2309 3369; baseline 0 -24"><span class='ocrx_word' id='word_1_86' title='bbox 1436 3273 1703 3369; x_wconf 84' lang='lat' dir='ltr'>Symon</span> <span class='ocrx_word' id='word_1_87' title='bbox 1739 3270 1855 3341; x_wconf 90' lang='lat' dir='ltr'>ille</span> <span class='ocrx_word' id='word_1_88' title='bbox 1892 3269 1983 3343; x_wconf 91' lang='lat' dir='ltr'>de</span> <span class='ocrx_word' id='word_1_89' title='bbox 2019 3269 2309 3346; x_wconf 87' lang='lat' dir='ltr'>castello</span> 
     </span>
     <span class='ocr_line' id='line_1_33' title="bbox 1336 3382 2364 3483; baseline 0 -26"><span class='ocrx_word' id='word_1_90' title='bbox 1336 3382 1530 3483; x_wconf 89' lang='lat' dir='ltr'>quod</span> <span class='ocrx_word' id='word_1_91' title='bbox 1568 3383 1810 3481; x_wconf 90' lang='lat' dir='ltr'>presul</span> <span class='ocrx_word' id='word_1_92' title='bbox 1850 3392 1923 3457; x_wconf 88' lang='lat' dir='ltr'>et</span> <span class='ocrx_word' id='word_1_93' title='bbox 1958 3384 2364 3460; x_wconf 89' lang='lat' dir='ltr'>communio</span> 
     </span>
     <span class='ocr_line' id='line_1_34' title="bbox 1333 3498 2122 3598; baseline -0.001 -23"><span class='ocrx_word' id='word_1_94' title='bbox 1333 3499 1475 3576; x_wconf 88' lang='lat' dir='ltr'>sint</span> <span class='ocrx_word' id='word_1_95' title='bbox 1509 3499 1724 3598; x_wconf 90' lang='lat' dir='ltr'>positi</span> <span class='ocrx_word' id='word_1_96' title='bbox 1760 3498 1834 3572; x_wconf 91' lang='lat' dir='ltr'>in</span> <span class='ocrx_word' id='word_1_97' title='bbox 1871 3524 2122 3574; x_wconf 87' lang='lat' dir='ltr'>securo</span> 
     </span>
     <span class='ocr_line' id='line_1_35' title="bbox 1332 3615 2240 3713; baseline -0.002 -22"><span class='ocrx_word' id='word_1_98' title='bbox 1332 3615 1467 3691; x_wconf 89' lang='lat' dir='ltr'>sub</span> <span class='ocrx_word' id='word_1_99' title='bbox 1503 3621 1829 3713; x_wconf 90' lang='lat' dir='ltr'>tempore</span> <span class='ocrx_word' id='word_1_100' title='bbox 1868 3625 2240 3713; x_wconf 86' lang='lat' dir='ltr'>perpetuo,</span> 
     </span>
    </p>

    <p class='ocr_par' dir='ltr' id='par_1_17' title="bbox 1327 3730 2393 4155">
     <span class='ocr_line' id='line_1_36' title="bbox 1435 3730 2393 3807; baseline 0 -3"><span class='ocrx_word' id='word_1_101' title='bbox 1435 3735 1537 3805; x_wconf 84' lang='lat' dir='ltr'>Ita</span> <span class='ocrx_word' id='word_1_102' title='bbox 1573 3731 1864 3806; x_wconf 87' lang='lat' dir='ltr'>mandat</span> <span class='ocrx_word' id='word_1_103' title='bbox 1894 3731 1984 3805; x_wconf 88' lang='lat' dir='ltr'>ad</span> <span class='ocrx_word' id='word_1_104' title='bbox 2021 3730 2393 3807; x_wconf 91' lang='lat' dir='ltr'>Thumium</span> 
     </span>
     <span class='ocr_line' id='line_1_37' title="bbox 1331 3847 2195 3946; baseline 0.003 -25"><span class='ocrx_word' id='word_1_105' title='bbox 1331 3855 1667 3946; x_wconf 88' lang='lat' dir='ltr'>nepotem</span> <span class='ocrx_word' id='word_1_106' title='bbox 1701 3847 1947 3922; x_wconf 81' lang='lat' dir='ltr'>venire</span> <span class='ocrx_word' id='word_1_107' title='bbox 1984 3873 2195 3924; x_wconf 90' lang='lat' dir='ltr'>suum</span> 
     </span>
     <span class='ocr_line' id='line_1_38' title="bbox 1327 3962 2221 4061; baseline 0.003 -26"><span class='ocrx_word' id='word_1_108' title='bbox 1327 3962 1646 4061; x_wconf 84' lang='lat' dir='ltr'>recipere</span> <span class='ocrx_word' id='word_1_109' title='bbox 1680 3963 2221 4040; x_wconf 87' lang='lat' dir='ltr'>Sanctobertum</span> 
     </span>
     <span class='ocr_line' id='line_1_39' title="bbox 1327 4078 2080 4155; baseline 0.004 -3"><span class='ocrx_word' id='word_1_110' title='bbox 1327 4078 1784 4154; x_wconf 87' lang='lat' dir='ltr'>concessione</span> <span class='ocrx_word' id='word_1_111' title='bbox 1817 4078 2080 4155; x_wconf 86' lang='lat' dir='ltr'>civium</span> 
     </span>
    </p>

    <p class='ocr_par' dir='ltr' id='par_1_18' title="bbox 1327 4192 2195 4406">
     <span class='ocr_line' id='line_1_40' title="bbox 1425 4192 2195 4270; baseline 0.003 -2"><span class='ocrx_word' id='word_1_112' title='bbox 1425 4201 1498 4268; x_wconf 92' lang='lat' dir='ltr'>et</span> <span class='ocrx_word' id='word_1_113' title='bbox 1531 4192 1819 4267; x_wconf 89' lang='lat' dir='ltr'>obsides</span> <span class='ocrx_word' id='word_1_114' title='bbox 1855 4195 2195 4270; x_wconf 86' lang='lat' dir='ltr'>exhibere</span> 
     </span>
     <span class='ocr_line' id='line_1_41' title="bbox 1327 4308 2194 4406; baseline 0.005 -24"><span class='ocrx_word' id='word_1_115' title='bbox 1327 4316 1405 4382; x_wconf 88' lang='lat' dir='ltr'>ut</span> <span class='ocrx_word' id='word_1_116' title='bbox 1441 4308 1924 4406; x_wconf 87' lang='lat' dir='ltr'>spoponderat</span> <span class='ocrx_word' id='word_1_117' title='bbox 1959 4310 2194 4386; x_wconf 83' lang='lat' dir='ltr'>facere</span> 
     </span>
    </p>
   </div>
  </div>
 </body>
</html>
