3558 5493
958 571 1042 624 184
1905 571 2110 622 essu

1389 703 1584 803 pacis
1619 710 1692 776 et
1727 702 2100 778 amicitiae.

1001 825 1094 893 76
1486 821 1665 891 Ecce
1700 817 1774 890 in
1810 816 2219 916 regionibus

1128 961 1137 976 ¹
1387 932 1818 1033 longissimis
1854 934 2261 1009 extenditur

1385 1049 1625 1147 opinio
1660 1049 1822 1123 facti
1860 1049 2068 1148 hujus

1385 1174 1457 1240 et
1494 1166 1778 1240 virtutis
1815 1165 2173 1240 introitus.

997 1288 1088 1356 77
1482 1283 1543 1355 A
1578 1280 1982 1379 longinquis
2016 1288 2089 1354 et
2122 1282 2473 1380 proximis

1120 1383 1127 1394 ’
1385 1394 1769 1470 scientibus
1807 1420 1962 1468 rem
1997 1397 2237 1493 operis

1384 1513 1515 1585 hac
1551 1510 1641 1584 de
1678 1536 1890 1584 causa
1925 1511 2007 1585 fit
2043 1511 2343 1587 celebris

1382 1626 1690 1701 laudatio
1729 1626 2110 1724 pontificis.

1012 1883 1138 1948 De
1180 1879 1686 1963 profectione
1722 1879 2111 1947 nicholai
2154 1881 2519 1963 episcopi
2565 1883 2674 1949 ad
2720 1880 2992 1949 arom-

1754 1987 2251 2069 episcopum.

994 2211 1087 2279 78
1480 2210 1671 2280 Inter
1706 2229 1832 2279 eos
1869 2205 1971 2279 sic
2006 2206 2288 2279 firmato

1384 2318 1651 2392 amoris
1686 2318 2087 2418 privilegio,

1384 2432 1583 2507 vadit
1616 2434 1951 2509 Remensi
1987 2433 2147 2507 ilico

1384 2549 1624 2649 presul
1659 2548 2221 2647 archiepiscopo.

994 2670 1039 2740 7
1043 2669 1088 2738 9
1481 2664 1612 2755 Qui
1651 2665 1742 2738 ab
1779 2663 2307 2763 archipontifice

1385 2790 1716 2880 receptus
1749 2780 2165 2869 honorifice,

1384 2922 1509 2972 sua
1546 2895 1619 2971 in
1658 2896 2022 2971 electione·

1384 3013 1847 3087 confirmatur
1881 3011 2216 3086 canonice

996 3134 1088 3202 80
1480 3154 1615 3228 per
1650 3128 1997 3204 domnum
2032 3128 2502 3228 apostolicum

1385 3255 1457 3327 et
1488 3268 1623 3344 per
1656 3244 2268 3344 archiepiscopum

1382 3368 1457 3434 et
1490 3384 1623 3458 per
1657 3383 2028 3434 assensum
2065 3361 2430 3458 presulum

1383 3473 1479 3548 ibi
1516 3482 1677 3549 ante
1712 3474 2179 3572 presentium.

996 3595 1072 3665 8⁴
1479 3595 1709 3680 Quem
1744 3591 2246 3666 confirmatum
2283 3589 2514 3666 taliter

1383 3705 1723 3780 conduxit
1756 3706 2268 3806 archipontifex

1382 3821 1473 3896 ad
1509 3822 1728 3897 altare
1765 3823 2086 3912 feliciter,

1380 3941 1600 4013 Deum
1630 3938 1929 4013 laudans
1964 3938 2472 4035 sollempniter.

993 4055 1088 4128 82
1479 4056 1648 4126 Post
1683 4053 1885 4127 datas
1916 4058 2063 4128 Deo
2099 4053 2361 4152 gratias

1380 4168 1592 4242 datur
1628 4169 1760 4242 sibi
1796 4169 1968 4242 haec
2002 4176 2346 4268 potestas,

1383 4282 1592 4358 datur
1629 4293 1701 4357 et
1733 4284 1908 4359 haec
1944 4283 2218 4359 licentia
