3558 5493
1472 566 1747 620 mooun.
2572 575 2668 630 ²27

988 711 1411 778 taxaverunt
1445 704 1816 802 pecuniam

984 818 1170 893 inter
1205 843 1331 894 eos
1362 842 1506 893 non
1543 818 1923 908 modicam,

984 933 1166 1009 sicut
1199 935 1266 1010 ei
1282 934 1803 1034 promiserant.

549 1053 692 1124 365
1082 1048 1287 1140 Quod
1322 1073 1487 1126 cnm
1522 1048 1721 1125 audit
1754 1049 2126 1125 Nioholaus

984 1165 1340 1244 cameraci
1375 1164 1783 1264 episcopua,

985 1280 1349 1379 prohibuit
1380 1279 1856 1380 burgensibus

984 1419 1075 1468 ne
1109 1403 1472 1471 taxaretur
1506 1396 1817 1495 populus

551 1511 692 1583 366
1083 1511 1206 1610 qui
1243 1511 1375 1585 sibi
1414 1512 1836 1587 commissus
1872 1521 2051 1602 erat,

983 1650 1147 1701 cum
1180 1626 1337 1699 fieri
1374 1650 1520 1700 non
1559 1625 1813 1701 debeat

982 1740 1053 1814 in
1092 1740 1372 1815 civitate
1409 1740 1702 1839 propria

986 1852 1121 1927 nisi
1157 1854 1310 1953 ejus
1343 1854 1648 1929 licentia’.

550 1973 690 2043 367
1083 1973 1232 2045 Hoc
1266 1971 1456 2044 enim
1490 1979 1600 2045 est
1634 1970 2070 2071 incognitum

985 2110 1117 2184 per
1152 2094 1383 2161 totum
1416 2086 1552 2160 hoc
1589 2085 1970 2184 imperium

983 2210 1065 2276 ut
1100 2201 1194 2275 sit
1229 2226 1360 2276 nec
1395 2202 1569 2277 urbs
1606 2226 1737 2276 nec
1767 2201 2123 2300 *oppidum

982 2317 1054 2390 in
1091 2324 1441 2414 potestate
1477 2315 1767 2391 civium.

548 2433 687 2505 368
1079 2436 1268 2508 Haeo
1304 2442 1643 2533 precepta
1678 2459 1862 2532 quae
1900 2435 2081 2508 facta
2117 2442 2282 2508 sunt

984 2547 1083 2622 nil
1119 2550 1361 2646 utique
1398 2550 1805 2647 proficiunt,

984 2664 1112 2738 sed
1150 2665 1312 2764 plus
1348 2664 1526 2739 iram
1562 2673 1981 2739 exactorum

981 2783 1445 2857 exacerbas-2¹
1490 2781 1777 2856 faciunt.
2179 2848 2186 2855 .

549 2900 691 2971 369
1079 2902 1255 2973 Nam
1292 2905 1590 2996 propter
1622 2896 1755 2971 hec
1792 2895 2150 2995 prohibita

983 3019 1306 3087 crescunt
1344 3035 1800 3085 nummorum
1837 3009 2077 3085 debita
2120 3035 2135 3082 t

982 3136 1271 3228 agentes
1301 3126 1474 3201 haec
1507 3136 1581 3200 et
1616 3134 1854 3201 cetera

981 3242 1072 3317 ad
1105 3241 1413 3341 presulis
1447 3241 1800 3317 contraria

545 3361 688 3433 370
1080 3366 1155 3432 et
1190 3357 1511 3432 nolentes
1547 3357 1938 3434 concedere

982 3473 1440 3549 constitutum
1478 3475 1818 3571 pecuniae

982 3590 1362 3687 oportebat
1396 3589 1806 3688 persolvere

984 3713 1266 3780 coactos
1301 3703 1741 3780 fortitudine.

544 3896 773 3978 Quod
802 3895 1238 3978 epiecopus
1266 3896 1499 3963 cives
1525 3896 1609 3963 in
1634 3897 1904 3962 hanno
1931 3893 2295 3961 tenuerit
2323 3891 2662 3974 propter

720 4016 956 4068 suam
989 4000 1579 4083 infidelitatem,
1616 3999 2087 4083 terramque
2125 3997 2479 4067 oomltis.

544 4170 673 4241 37⁴
1081 4166 1204 4242 Eia
1239 4166 1488 4243 dolens
1522 4164 1899 4264 episcopus

617 4347 668 4403 1.
702 4344 862 4404 Dans
888 4344 944 4404 le
969 4361 1080 4403 ms.
1114 4347 1488 4404 exarcerbare.
