3558 5493
522 825 614 895 35

529 1286 621 1357 36

533 1750 627 1820 37

539 2210 632 2281 38

543 2671 637 2741 39

547 3129 640 3204 40

551 3590 632 3665 41

559 4052 655 4127 42

1357 559 1698 614 mmmm.

908 707 981 775 et
1015 698 1089 772 in
1119 696 1483 771 inversum
1517 692 1848 767 vertitur.

1003 818 1181 889 Nam
1215 821 1598 912 postquam
1626 806 1876 882 vident
1908 803 2141 880 clerici

907 930 1194 1030 plebem
1225 927 1316 1002 ab
1349 924 1485 999 illis
1519 921 1767 1012 dividi,

909 1052 1223 1120 certatur
1256 1041 1440 1117 alter
1474 1038 1637 1138 eligi

912 1158 1304 1237 secundum
1340 1157 1568 1256 legem
1598 1152 1904 1229 Domini.

1011 1281 1376 1363 Venerunt
1408 1272 1482 1346 in
1517 1269 1827 1370 capitulo
1861 1296 1878 1341 ε

912 1390 1037 1468 ubi
1064 1390 1229 1492 jure
1262 1386 1604 1463 canonico

916 1506 1226 1583 extincta
1261 1512 1374 1580 est
1408 1500 1659 1578 electio

916 1648 1099 1722 quae
1133 1621 1350 1696 fiebat
1384 1645 1425 1693 a
1458 1617 1754 1718 populo.

1017 1744 1181 1815 Mox
1216 1738 1585 1836 elegerunt
1611 1732 1942 1820 alterum,

917 1854 1329 1932 Mazelinum
1363 1849 1841 1950 prepositum,

921 1967 1367 2045 sacerdotem
1398 1963 1823 2041 catholicum

920 2084 1300 2182 virumque
1330 2079 1874 2156 nobilissimum.

1025 2198 1229 2290 Quod
1263 2196 1631 2273 audientes
1665 2193 1848 2284 laici,

923 2315 1164 2391 furore
1199 2309 1630 2411 perterribili

925 2432 1065 2508 hoc
1093 2429 1460 2504 decretum
1493 2423 1781 2524 capituli

929 2543 1514 2622 contradixerunt
1547 2540 1733 2616 fieri.

1027 2667 1129 2737 De
1164 2660 1388 2735 electo
1424 2654 1792 2758 preposito

931 2786 1100 2879 post
1130 2776 1262 2850 hec
1298 2800 1442 2849 non
1475 2771 1610 2848 fuit
1638 2770 1823 2845 ratio
1858 2796 1875 2843 ε

935 2918 1102 2968 nam
1135 2890 1309 2966 velit
1342 2889 1545 2976 nolit,
1582 2885 1852 2986 populo

932 3010 1164 3086 clerus
1198 3006 1386 3082 cedit
1420 3003 1805 3080 contrario.

1032 3122 1356 3201 Recurrit
1387 3121 1594 3221 plebs
1629 3118 1720 3193 ad
1753 3121 2171 3204 Manassem‚

936 3243 1083 3316 vita
1118 3249 1193 3315 et
1227 3263 1439 3314 sensu
1467 3236 1831 3337 juvenem,

929 3358 1081 3459 jam
1115 3354 1563 3455 designatum
1599 3350 1957 3450 presulem

938 3496 1071 3571 per
1107 3468 1557 3545 subauditam
1587 3464 1887 3541 rabiem.

1039 3585 1240 3677 Quod
1278 3584 1338 3658 si
1375 3583 1537 3682 quis
1570 3583 1755 3658 bene
1791 3580 1906 3655 vel
1940 3579 2124 3654 male

942 3702 1290 3803 presumit
1322 3698 1836 3785 contradicere,

944 3818 1255 3893 minatur
1289 3817 1354 3891 ei
1391 3814 1661 3890 findere

948 3958 1154 4008 nares
1185 3943 1306 4008 aut
1341 3932 1653 4031 linguam
1682 3930 1957 4003 tollere.

1045 4054 1147 4124 De
1181 4047 1291 4121 his
1326 4045 1499 4145 quid
1535 4043 1768 4118 dicam
1802 4042 2148 4142 amplius?

949 4163 1063 4241 Sic
1096 4163 1360 4237 electus
1396 4159 1774 4259 episcopus

954 4277 1232 4377 paravit
1268 4303 1345 4352 se
1382 4276 1475 4350 de
1505 4273 1837 4350 omnibus
