3558 5493
1411 604 1798 658 BURGHARDI.
1834 605 1873 655 1.
2612 606 2701 657 139

1023 741 1203 816 sicut
1238 745 1542 813 matrem
1579 739 1680 813 sic
1713 738 2026 825 viduam,

1025 866 1107 933 ut
1138 856 1364 930 filium
1399 863 1474 928 et
1503 854 1724 928 filiam

1025 973 1123 1048 ita
1159 971 1621 1071 alienigenam

590 1093 714 1168 ⁴24
1124 1088 1414 1163 enititur
1450 1087 1807 1188 colligere,

1024 1204 1378 1292 venerari,
1421 1203 1741 1303 diligere,

951 1310 959 1319 ’
1025 1319 1415 1410 sublimari,
1459 1320 1833 1420 preficere,

1027 1435 1403 1524 consolari,
1446 1434 1850 1510 defendere.

590 1558 732 1633 422
1126 1552 1472 1650 Exemplo
1509 1551 1717 1650 hujus
1752 1550 1909 1625 laici

1029 1668 1354 1744 conversi
1392 1673 1560 1741 sunt
1596 1690 1812 1764 quam
1850 1665 2133 1766 plurimi

1026 1785 1150 1884 qui
1189 1784 1348 1858 facti
1387 1789 1554 1857 sunt
1591 1791 1712 1857 aut
1746 1783 2074 1857 monachi

1027 1909 1151 1977 aut
1185 1899 1569 1974 heremitae
1605 1897 1886 1996 optimi.

592 2022 731 2098 ⁴23
1124 2015 1469 2115 Exemplo
1507 2015 1753 2090 uxoris
1789 2039 1957 2089 suae

1029 2157 1372 2231 converse
1410 2140 1576 2207 sunt
1611 2138 1684 2204 et
1717 2130 2019 2206 feminae

1030 2260 1179 2325 tam
1213 2247 1527 2348 virgines
1564 2271 1781 2346 quam
1816 2246 2069 2322 viduae

1029 2389 1161 2439 suo
1197 2363 1519 2437 viventes
1551 2371 1905 2462 tempore.

594 2482 733 2561 ⁴24
1031 2481 1161 2570 Qui
1199 2480 1413 2554 etiam
1450 2479 1709 2554 sanctis
1745 2479 1975 2554 ornati
2016 2478 2336 2553 moribus

931 2595 1319 2671 creduntur
1354 2595 1596 2669 vivere
1627 2595 1774 2694 jam
1811 2595 1883 2669 in
1920 2594 2318 2669 celestibus.

932 2712 1046 2789 Sic
1080 2712 1271 2787 enim
1308 2712 1380 2787 in
1416 2712 1629 2787 terris
1664 2711 2000 2787 vixerunt
2035 2710 2445 2811 simpliciter

931 2827 1125 2926 quod
1162 2828 1321 2902 illos
1357 2828 1603 2901 vivere
1638 2826 1856 2901 credo
1892 2827 2373 2926 perhenniter.
2409 2828 2663 2902 Amen.

699 3067 740 3132 1
759 3067 830 3132 1.
888 3064 1088 3134 Nunc
1131 3058 1221 3133 ad
1268 3058 1757 3134 Burchardum
1808 3067 2256 3134 revertamur
2299 3059 2716 3158 episcopum

592 3178 683 3252 de
715 3178 975 3276 illoque
1012 3186 1340 3252 nostrum
1377 3175 1845 3273 proloquatur
1881 3175 2270 3249 oraculum.
2323 3176 2494 3250 Cum
2543 3200 2716 3276 ergo

593 3293 908 3393 pontifex
945 3292 1539 3367 animadverteret
1586 3290 1659 3363 in
1704 3291 1902 3389 pacis
1938 3290 2174 3389 quiete
2209 3299 2476 3364 terram
2513 3315 2717 3365 suam

594 3409 951 3509 posuisse,
1014 3408 1249 3483 subito
1300 3406 1591 3505 quidam
1645 3406 1850 3480 miles
1905 3405 1995 3480 de
2046 3405 2368 3493 Stabaih,
2433 3407 2717 3481 nomine

594 3523 984 3611 GerarduS‚
1044 3523 1249 3598 alieni
1304 3531 1649 3621 appetens
1708 3523 1959 3620 suique
2020 3521 2388 3620 proficus,
2449 3529 2718 3597 terram

594 3642 773 3715 hanc
803 3641 1379 3715 cameracensem
1408 3637 1788 3713 crudeliter
1816 3638 2071 3712 invasit
2106 3647 2179 3711 et
2214 3637 2415 3713 villas
2450 3662 2590 3736 que
2627 3638 2719 3714 de

594 3781 831 3833 werra
867 3755 1221 3830 castellani
1260 3761 1749 3829 remanserant
1784 3777 2009 3852 usque
2037 3754 2127 3827 ad
2154 3758 2431 3829 Novum
2459 3754 2719 3829 Castel-

593 3873 743 3945 lum
788 3878 860 3944 et
903 3870 1085 3945 ultra
1132 3895 1385 3945 omnes
1430 3868 1786 3944 destruxit
1832 3877 1904 3944 et
1948 3868 2262 3944 funditus
2305 3870 2711 3969 extirpavit.

593 3986 843 4062 Milites
880 3985 1074 4059 enim
1103 3985 1194 4060 dc
1217 3986 1640 4061 Ostrevanth
1666 3984 1757 4058 ad
1786 3984 2025 4058 omnia
2052 3994 2284 4059 terrae
2317 3985 2523 4084 hujus
2550 4008 2720 4058 con-

597 4100 937 4177 sumenda
982 4109 1053 4175 et
1099 4100 1397 4176 delenda
1444 4100 1701 4175 cotidie
1748 4101 2224 4177 confluebant.
2288 4106 2530 4201 Itaque
2574 4110 2722 4175 tam

596 4214 888 4289 terribili
928 4222 999 4289 et
1035 4224 1182 4289 tam
1217 4215 1635 4290 intolerabili
1674 4216 1937 4290 malitia
1973 4215 2353 4314 episcopus
2380 4224 2452 4289 et
2474 4218 2721 4291 Came-

596 4356 923 4406 racenses
950 4330 1389 4419 circumdati,
1425 4331 1703 4406 nemine
1730 4342 1998 4406 terram
2031 4331 2479 4421 defendente,
2514 4330 2722 4405 nimi-
