<?xml version="1.0" encoding="UTF-8"?>
<!DOCTYPE html PUBLIC "-//W3C//DTD XHTML 1.0 Transitional//EN"
    "http://www.w3.org/TR/xhtml1/DTD/xhtml1-transitional.dtd">
<html xmlns="http://www.w3.org/1999/xhtml" xml:lang="en" lang="en">
 <head>
  <title>
</title>
<meta http-equiv="Content-Type" content="text/html;charset=utf-8" />
  <meta name='ocr-system' content='tesseract 3.04.00' />
  <meta name='ocr-capabilities' content='ocr_page ocr_carea ocr_par ocr_line ocrx_word'/>
</head>
<body>
  <div class='ocr_page' id='page_1' title='image "./gestesdesvquesd00unkngoog_0216.png"; bbox 0 0 3558 5493; ppageno 0'>
   <div class='ocr_carea' id='block_1_1' title="bbox 913 581 1051 788">
    <p class='ocr_par' dir='ltr' id='par_1_1' title="bbox 913 581 1051 788">
     <span class='ocr_line' id='line_1_1' title="bbox 913 581 999 634; baseline 0.023 -2"><span class='ocrx_word' id='word_1_1' title='bbox 913 581 999 634; x_wconf 76' lang='lat'>150</span> 
     </span>
     <span class='ocr_line' id='line_1_2' title="bbox 961 720 1051 788; baseline 0 0"><span class='ocrx_word' id='word_1_2' title='bbox 961 720 1051 788; x_wconf 84' lang='lat'>35</span> 
     </span>
    </p>
   </div>
   <div class='ocr_carea' id='block_1_2' title="bbox 954 1293 1050 1367">
    <p class='ocr_par' dir='ltr' id='par_1_2' title="bbox 954 1293 1050 1367">
     <span class='ocr_line' id='line_1_3' title="bbox 954 1293 1050 1367; baseline -0.01 0"><span class='ocrx_word' id='word_1_3' title='bbox 954 1293 1050 1367; x_wconf 66' lang='grc'>40</span> 
     </span>
    </p>
   </div>
   <div class='ocr_carea' id='block_1_3' title="bbox 955 1869 1050 1944">
    <p class='ocr_par' dir='ltr' id='par_1_3' title="bbox 955 1869 1050 1944">
     <span class='ocr_line' id='line_1_4' title="bbox 955 1869 1050 1944; baseline 0 0"><span class='ocrx_word' id='word_1_4' title='bbox 955 1869 1050 1944; x_wconf 71' lang='lat'>45</span> 
     </span>
    </p>
   </div>
   <div class='ocr_carea' id='block_1_4' title="bbox 958 2449 1049 2520">
    <p class='ocr_par' dir='ltr' id='par_1_4' title="bbox 958 2449 1049 2520">
     <span class='ocr_line' id='line_1_5' title="bbox 958 2449 1049 2520; baseline 0.033 -3"><span class='ocrx_word' id='word_1_5' title='bbox 958 2449 1049 2520; x_wconf 82' lang='lat'>50</span> 
     </span>
    </p>
   </div>
   <div class='ocr_carea' id='block_1_5' title="bbox 957 3027 1051 3096">
    <p class='ocr_par' dir='ltr' id='par_1_5' title="bbox 957 3027 1051 3096">
     <span class='ocr_line' id='line_1_6' title="bbox 957 3027 1051 3096; baseline 0 0"><span class='ocrx_word' id='word_1_6' title='bbox 957 3027 1051 3096; x_wconf 81' lang='lat'>55</span> 
     </span>
    </p>
   </div>
   <div class='ocr_carea' id='block_1_6' title="bbox 956 3603 1048 3672">
    <p class='ocr_par' dir='ltr' id='par_1_6' title="bbox 956 3603 1048 3672">
     <span class='ocr_line' id='line_1_7' title="bbox 956 3603 1048 3672; baseline 0.022 -2"><span class='ocrx_word' id='word_1_7' title='bbox 956 3603 1048 3672; x_wconf 88' lang='grc'>60</span> 
     </span>
    </p>
   </div>
   <div class='ocr_carea' id='block_1_7' title="bbox 1869 577 2070 630">
    <p class='ocr_par' dir='ltr' id='par_1_7' title="bbox 1869 577 2070 630">
     <span class='ocr_line' id='line_1_8' title="bbox 1869 577 2070 630; baseline -0.015 -1"><span class='ocrx_word' id='word_1_8' title='bbox 1869 577 2070 630; x_wconf 75' lang='grc' dir='ltr'><strong>ῦΕΒΤΑ</strong></span> 
     </span>
    </p>
   </div>
   <div class='ocr_carea' id='block_1_8' title="bbox 1203 711 2712 927">
    <p class='ocr_par' dir='ltr' id='par_1_8' title="bbox 1203 711 2712 927">
     <span class='ocr_line' id='line_1_9' title="bbox 1203 711 2550 810; baseline -0.004 -23"><span class='ocrx_word' id='word_1_9' title='bbox 1203 736 1408 789; x_wconf 88' lang='lat' dir='ltr'>suum</span> <span class='ocrx_word' id='word_1_10' title='bbox 1447 711 1816 786; x_wconf 87' lang='lat' dir='ltr'>servitium</span> <span class='ocrx_word' id='word_1_11' title='bbox 1851 712 1998 810; x_wconf 86' lang='lat' dir='ltr'>pati</span> <span class='ocrx_word' id='word_1_12' title='bbox 2034 734 2176 784; x_wconf 90' lang='lat' dir='ltr'>non</span> <span class='ocrx_word' id='word_1_13' title='bbox 2214 718 2493 808; x_wconf 87' lang='lat' dir='ltr'>poterat</span> <span class='ocrx_word' id='word_1_14' title='bbox 2534 737 2550 781; x_wconf 89' lang='lat'>:</span> 
     </span>
     <span class='ocr_line' id='line_1_10' title="bbox 1296 824 2712 927; baseline -0.001 -27"><span class='ocrx_word' id='word_1_15' title='bbox 1296 826 1586 925; x_wconf 82' lang='lat' dir='ltr'>expellit</span> <span class='ocrx_word' id='word_1_16' title='bbox 1619 826 2014 925; x_wconf 88' lang='lat' dir='ltr'>proximos,</span> <span class='ocrx_word' id='word_1_17' title='bbox 2058 825 2253 927; x_wconf 83' lang='lat' dir='ltr'>fugat</span> <span class='ocrx_word' id='word_1_18' title='bbox 2287 824 2712 900; x_wconf 87' lang='lat' dir='ltr'>domesticos</span> 
     </span>
    </p>
   </div>
   <div class='ocr_carea' id='block_1_9' title="bbox 1136 942 2439 1041">
    <p class='ocr_par' dir='ltr' id='par_1_9' title="bbox 1136 942 2439 1041">
     <span class='ocr_line' id='line_1_11' title="bbox 1136 942 2439 1041; baseline -0.002 -24"><span class='ocrx_word' id='word_1_19' title='bbox 1136 1030 1140 1033; x_wconf 39' lang='grc'><strong>,</strong></span> <span class='ocrx_word' id='word_1_20' title='bbox 1199 948 1411 1041; x_wconf 86' lang='lat' dir='ltr'>atque</span> <span class='ocrx_word' id='word_1_21' title='bbox 1447 950 1822 1017; x_wconf 87' lang='lat' dir='ltr'>extraneos</span> <span class='ocrx_word' id='word_1_22' title='bbox 1859 952 2049 1017; x_wconf 89' lang='lat' dir='ltr'>amat</span> <span class='ocrx_word' id='word_1_23' title='bbox 2084 950 2163 1017; x_wconf 94' lang='lat' dir='ltr'>ut</span> <span class='ocrx_word' id='word_1_24' title='bbox 2197 942 2380 1016; x_wconf 87' lang='lat' dir='ltr'>filios</span> <span class='ocrx_word' id='word_1_25' title='bbox 2423 969 2439 1014; x_wconf 87' lang='lat'>:</span> 
     </span>
    </p>
   </div>
   <div class='ocr_carea' id='block_1_10' title="bbox 1189 1057 2863 4156">
    <p class='ocr_par' dir='ltr' id='par_1_10' title="bbox 1198 1057 2482 1274">
     <span class='ocr_line' id='line_1_12' title="bbox 1298 1057 2463 1158; baseline -0.002 -25"><span class='ocrx_word' id='word_1_26' title='bbox 1298 1059 1556 1158; x_wconf 38' lang='lat' dir='ltr'>suique·</span> <span class='ocrx_word' id='word_1_27' title='bbox 1583 1058 1842 1157; x_wconf 83' lang='lat' dir='ltr'>privati</span> <span class='ocrx_word' id='word_1_28' title='bbox 1879 1067 2048 1133; x_wconf 87' lang='lat' dir='ltr'>sunt</span> <span class='ocrx_word' id='word_1_29' title='bbox 2080 1057 2463 1146; x_wconf 84' lang='lat' dir='ltr'>Teutonici,</span> 
     </span>
     <span class='ocr_line' id='line_1_13' title="bbox 1198 1174 2482 1274; baseline -0.003 -24"><span class='ocrx_word' id='word_1_30' title='bbox 1198 1174 1553 1250; x_wconf 83' lang='lat' dir='ltr'>imberbes</span> <span class='ocrx_word' id='word_1_31' title='bbox 1582 1175 1880 1274; x_wconf 85' lang='lat' dir='ltr'>juvenes</span> <span class='ocrx_word' id='word_1_32' title='bbox 1917 1184 1990 1249; x_wconf 88' lang='lat' dir='ltr'>et</span> <span class='ocrx_word' id='word_1_33' title='bbox 2024 1175 2215 1248; x_wconf 90' lang='lat' dir='ltr'>lenes</span> <span class='ocrx_word' id='word_1_34' title='bbox 2249 1174 2482 1272; x_wconf 88' lang='lat' dir='ltr'>pueri.</span> 
     </span>
    </p>

    <p class='ocr_par' dir='ltr' id='par_1_11' title="bbox 1194 1286 2741 1506">
     <span class='ocr_line' id='line_1_14' title="bbox 1295 1286 2741 1378; baseline -0.003 -11"><span class='ocrx_word' id='word_1_35' title='bbox 1295 1290 1605 1367; x_wconf 83' lang='lat' dir='ltr'>Tandem</span> <span class='ocrx_word' id='word_1_36' title='bbox 1642 1289 1791 1364; x_wconf 87' lang='lat' dir='ltr'>exit</span> <span class='ocrx_word' id='word_1_37' title='bbox 1824 1292 2013 1365; x_wconf 86' lang='lat' dir='ltr'>foras</span> <span class='ocrx_word' id='word_1_38' title='bbox 2048 1314 2296 1365; x_wconf 89' lang='lat' dir='ltr'>rumor</span> <span class='ocrx_word' id='word_1_39' title='bbox 2333 1288 2425 1363; x_wconf 89' lang='lat' dir='ltr'>de</span> <span class='ocrx_word' id='word_1_40' title='bbox 2459 1286 2741 1378; x_wconf 88' lang='lat' dir='ltr'>talibus,</span> 
     </span>
     <span class='ocr_line' id='line_1_15' title="bbox 1194 1404 2382 1506; baseline -0.001 -24"><span class='ocrx_word' id='word_1_41' title='bbox 1194 1407 1285 1482; x_wconf 92' lang='lat' dir='ltr'>de</span> <span class='ocrx_word' id='word_1_42' title='bbox 1322 1405 1717 1481; x_wconf 89' lang='lat' dir='ltr'>Teutonicis</span> <span class='ocrx_word' id='word_1_43' title='bbox 1750 1415 1826 1481; x_wconf 86' lang='lat' dir='ltr'>et</span> <span class='ocrx_word' id='word_1_44' title='bbox 1858 1406 1950 1481; x_wconf 93' lang='lat' dir='ltr'>de</span> <span class='ocrx_word' id='word_1_45' title='bbox 1977 1404 2382 1506; x_wconf 85' lang='lat' dir='ltr'>juvenibus,</span> 
     </span>
    </p>

    <p class='ocr_par' dir='ltr' id='par_1_12' title="bbox 1197 1521 2795 1966">
     <span class='ocr_line' id='line_1_16' title="bbox 1292 1521 2593 1621; baseline -0.002 -24"><span class='ocrx_word' id='word_1_46' title='bbox 1292 1530 1379 1597; x_wconf 90' lang='lat' dir='ltr'>eo</span> <span class='ocrx_word' id='word_1_47' title='bbox 1417 1521 1612 1620; x_wconf 92' lang='lat' dir='ltr'>quod</span> <span class='ocrx_word' id='word_1_48' title='bbox 1646 1547 1792 1596; x_wconf 91' lang='lat' dir='ltr'>non</span> <span class='ocrx_word' id='word_1_49' title='bbox 1817 1521 2011 1621; x_wconf 88' lang='lat' dir='ltr'>jacet</span> <span class='ocrx_word' id='word_1_50' title='bbox 2041 1521 2113 1595; x_wconf 92' lang='lat' dir='ltr'>in</span> <span class='ocrx_word' id='word_1_51' title='bbox 2151 1546 2280 1596; x_wconf 87' lang='lat' dir='ltr'>sua</span> <span class='ocrx_word' id='word_1_52' title='bbox 2316 1545 2593 1595; x_wconf 86' lang='lat' dir='ltr'>camera</span> 
     </span>
     <span class='ocr_line' id='line_1_17' title="bbox 1197 1636 2428 1714; baseline -0.003 0"><span class='ocrx_word' id='word_1_53' title='bbox 1197 1637 1663 1714; x_wconf 87' lang='lat' dir='ltr'>cubicularius</span> <span class='ocrx_word' id='word_1_54' title='bbox 1699 1662 1830 1711; x_wconf 89' lang='lat' dir='ltr'>nec</span> <span class='ocrx_word' id='word_1_55' title='bbox 1865 1646 2075 1712; x_wconf 89' lang='lat' dir='ltr'>notus</span> <span class='ocrx_word' id='word_1_56' title='bbox 2111 1636 2428 1712; x_wconf 87' lang='lat' dir='ltr'>vernula.</span> 
     </span>
     <span class='ocr_line' id='line_1_18' title="bbox 1221 1750 2795 1851; baseline -0.002 -26"><span class='ocrx_word' id='word_1_57' title='bbox 1221 1816 1230 1825; x_wconf 92' lang='lat'>.</span> <span class='ocrx_word' id='word_1_58' title='bbox 1294 1760 1370 1828; x_wconf 88' lang='lat' dir='ltr'>ln</span> <span class='ocrx_word' id='word_1_59' title='bbox 1405 1753 1560 1827; x_wconf 89' lang='lat' dir='ltr'>foro</span> <span class='ocrx_word' id='word_1_60' title='bbox 1597 1752 1986 1828; x_wconf 87' lang='lat' dir='ltr'>vendentes</span> <span class='ocrx_word' id='word_1_61' title='bbox 2021 1751 2320 1827; x_wconf 84' lang='lat' dir='ltr'>herbam</span> <span class='ocrx_word' id='word_1_62' title='bbox 2356 1761 2428 1826; x_wconf 92' lang='lat' dir='ltr'>et</span> <span class='ocrx_word' id='word_1_63' title='bbox 2464 1750 2795 1851; x_wconf 86' lang='lat' dir='ltr'>stipulam</span> 
     </span>
     <span class='ocr_line' id='line_1_19' title="bbox 1199 1867 2634 1966; baseline -0.002 -22"><span class='ocrx_word' id='word_1_64' title='bbox 1199 1869 1428 1944; x_wconf 90' lang='lat' dir='ltr'>nudos</span> <span class='ocrx_word' id='word_1_65' title='bbox 1463 1877 1624 1943; x_wconf 90' lang='lat' dir='ltr'>ante</span> <span class='ocrx_word' id='word_1_66' title='bbox 1662 1893 1863 1943; x_wconf 89' lang='lat' dir='ltr'>suam</span> <span class='ocrx_word' id='word_1_67' title='bbox 1899 1869 2147 1943; x_wconf 83' lang='lat' dir='ltr'>suffert</span> <span class='ocrx_word' id='word_1_68' title='bbox 2178 1867 2634 1966; x_wconf 83' lang='lat' dir='ltr'>presentiam,</span> 
     </span>
    </p>

    <p class='ocr_par' dir='ltr' id='par_1_13' title="bbox 1198 1968 2760 2196">
     <span class='ocr_line' id='line_1_20' title="bbox 1294 1968 2730 2081; baseline -0.001 -25"><span class='ocrx_word' id='word_1_69' title='bbox 1294 2007 1652 2081; x_wconf 88' lang='lat' dir='ltr'>pannosos</span> <span class='ocrx_word' id='word_1_70' title='bbox 1691 1981 2054 2057; x_wconf 87' lang='lat' dir='ltr'>mendicos</span> <span class='ocrx_word' id='word_1_71' title='bbox 2089 1989 2251 2056; x_wconf 87' lang='lat' dir='ltr'>ante</span> <span class='ocrx_word' id='word_1_72' title='bbox 2276 1968 2366 2056; x_wconf 49' lang='lat' dir='ltr'>&#39;se</span> <span class='ocrx_word' id='word_1_73' title='bbox 2404 1982 2671 2080; x_wconf 90' lang='lat' dir='ltr'>patitur</span> <span class='ocrx_word' id='word_1_74' title='bbox 2714 2009 2730 2054; x_wconf 75' lang='grc' dir='ltr'>ε</span> 
     </span>
     <span class='ocr_line' id='line_1_21' title="bbox 1198 2097 2760 2196; baseline -0.001 -23"><span class='ocrx_word' id='word_1_75' title='bbox 1198 2098 1324 2173; x_wconf 90' lang='lat' dir='ltr'>sed</span> <span class='ocrx_word' id='word_1_76' title='bbox 1361 2106 1659 2196; x_wconf 86' lang='lat' dir='ltr'>propter</span> <span class='ocrx_word' id='word_1_77' title='bbox 1688 2097 2064 2173; x_wconf 90' lang='lat' dir='ltr'>Dominum</span> <span class='ocrx_word' id='word_1_78' title='bbox 2103 2097 2290 2171; x_wconf 87' lang='lat' dir='ltr'>istud</span> <span class='ocrx_word' id='word_1_79' title='bbox 2322 2122 2464 2171; x_wconf 92' lang='lat' dir='ltr'>non</span> <span class='ocrx_word' id='word_1_80' title='bbox 2501 2097 2760 2196; x_wconf 84' lang='lat' dir='ltr'>agitur,</span> 
     </span>
    </p>

    <p class='ocr_par' dir='ltr' id='par_1_14' title="bbox 1197 2213 2835 2427">
     <span class='ocr_line' id='line_1_22' title="bbox 1295 2213 2835 2312; baseline 0.002 -27"><span class='ocrx_word' id='word_1_81' title='bbox 1295 2213 1367 2286; x_wconf 88' lang='lat' dir='ltr'>in</span> <span class='ocrx_word' id='word_1_82' title='bbox 1404 2222 1748 2312; x_wconf 88' lang='lat' dir='ltr'>quantum</span> <span class='ocrx_word' id='word_1_83' title='bbox 1777 2213 2088 2287; x_wconf 86' lang='lat' dir='ltr'>vidimus</span> <span class='ocrx_word' id='word_1_84' title='bbox 2125 2222 2337 2310; x_wconf 90' lang='lat' dir='ltr'>atque</span> <span class='ocrx_word' id='word_1_85' title='bbox 2372 2213 2835 2311; x_wconf 86' lang='lat' dir='ltr'>probavimus</span> 
     </span>
     <span class='ocr_line' id='line_1_23' title="bbox 1197 2326 2389 2427; baseline 0.001 -25"><span class='ocrx_word' id='word_1_86' title='bbox 1197 2328 1317 2427; x_wconf 91' lang='lat' dir='ltr'>qui</span> <span class='ocrx_word' id='word_1_87' title='bbox 1355 2326 1464 2402; x_wconf 92' lang='lat' dir='ltr'>sui</span> <span class='ocrx_word' id='word_1_88' title='bbox 1498 2327 1757 2426; x_wconf 85' lang='lat' dir='ltr'>privati</span> <span class='ocrx_word' id='word_1_89' title='bbox 1794 2352 1951 2402; x_wconf 88' lang='lat' dir='ltr'>esse</span> <span class='ocrx_word' id='word_1_90' title='bbox 1986 2326 2389 2403; x_wconf 78' lang='lat' dir='ltr'>debuimus,</span> 
     </span>
    </p>

    <p class='ocr_par' dir='ltr' id='par_1_15' title="bbox 1196 2443 2523 2657">
     <span class='ocr_line' id='line_1_24' title="bbox 1296 2443 2523 2533; baseline -0.002 -13"><span class='ocrx_word' id='word_1_91' title='bbox 1296 2448 1373 2520; x_wconf 91' lang='lat' dir='ltr'>1n</span> <span class='ocrx_word' id='word_1_92' title='bbox 1410 2443 1626 2517; x_wconf 91' lang='lat' dir='ltr'>corde</span> <span class='ocrx_word' id='word_1_93' title='bbox 1662 2443 1873 2533; x_wconf 87' lang='lat' dir='ltr'>illius,</span> <span class='ocrx_word' id='word_1_94' title='bbox 1914 2453 2151 2518; x_wconf 89' lang='lat' dir='ltr'>mente</span> <span class='ocrx_word' id='word_1_95' title='bbox 2184 2452 2257 2518; x_wconf 91' lang='lat' dir='ltr'>et</span> <span class='ocrx_word' id='word_1_96' title='bbox 2290 2444 2523 2519; x_wconf 90' lang='lat' dir='ltr'>anima</span> 
     </span>
     <span class='ocr_line' id='line_1_25' title="bbox 1196 2558 2236 2657; baseline 0 -25"><span class='ocrx_word' id='word_1_97' title='bbox 1196 2559 1295 2632; x_wconf 89' lang='lat' dir='ltr'>ita</span> <span class='ocrx_word' id='word_1_98' title='bbox 1330 2559 1770 2657; x_wconf 82' lang='lat' dir='ltr'>plantaverat</span> <span class='ocrx_word' id='word_1_99' title='bbox 1805 2585 1882 2633; x_wconf 92' lang='lat' dir='ltr'>se</span> <span class='ocrx_word' id='word_1_100' title='bbox 1918 2558 2236 2644; x_wconf 87' lang='lat' dir='ltr'>avaritia,</span> 
     </span>
    </p>

    <p class='ocr_par' dir='ltr' id='par_1_16' title="bbox 1199 2674 2863 2889">
     <span class='ocr_line' id='line_1_26' title="bbox 1296 2674 2670 2759; baseline 0 -9"><span class='ocrx_word' id='word_1_101' title='bbox 1296 2674 1500 2750; x_wconf 88' lang='lat' dir='ltr'>radix</span> <span class='ocrx_word' id='word_1_102' title='bbox 1536 2676 1895 2750; x_wconf 85' lang='lat' dir='ltr'>nominata</span> <span class='ocrx_word' id='word_1_103' title='bbox 1929 2675 2279 2751; x_wconf 89' lang='lat' dir='ltr'>malorum</span> <span class='ocrx_word' id='word_1_104' title='bbox 2314 2674 2670 2759; x_wconf 87' lang='lat' dir='ltr'>onnium¹,</span> 
     </span>
     <span class='ocr_line' id='line_1_27' title="bbox 1199 2791 2863 2889; baseline 0.001 -24"><span class='ocrx_word' id='word_1_105' title='bbox 1199 2791 1391 2889; x_wconf 94' lang='lat' dir='ltr'>quod</span> <span class='ocrx_word' id='word_1_106' title='bbox 1430 2800 1661 2866; x_wconf 87' lang='lat' dir='ltr'>totum</span> <span class='ocrx_word' id='word_1_107' title='bbox 1696 2791 2067 2867; x_wconf 77' lang='lat' dir='ltr'>abscondit</span> <span class='ocrx_word' id='word_1_108' title='bbox 2098 2793 2167 2865; x_wconf 88' lang='lat' dir='ltr'>in</span> <span class='ocrx_word' id='word_1_109' title='bbox 2206 2793 2416 2867; x_wconf 87' lang='lat' dir='ltr'>archa</span> <span class='ocrx_word' id='word_1_110' title='bbox 2452 2791 2807 2867; x_wconf 89' lang='lat' dir='ltr'>redditum</span> <span class='ocrx_word' id='word_1_111' title='bbox 2847 2818 2863 2866; x_wconf 73' lang='grc' dir='ltr'>ε</span> 
     </span>
    </p>

    <p class='ocr_par' dir='ltr' id='par_1_17' title="bbox 1198 2908 2640 3122">
     <span class='ocr_line' id='line_1_28' title="bbox 1294 2908 2640 3007; baseline 0.001 -26"><span class='ocrx_word' id='word_1_112' title='bbox 1294 2933 1432 3005; x_wconf 90' lang='lat' dir='ltr'>que</span> <span class='ocrx_word' id='word_1_113' title='bbox 1468 2908 1604 2983; x_wconf 87' lang='lat' dir='ltr'>sibi</span> <span class='ocrx_word' id='word_1_114' title='bbox 1640 2909 2030 3007; x_wconf 87' lang='lat' dir='ltr'>prohibens</span> <span class='ocrx_word' id='word_1_115' title='bbox 2065 2909 2363 2983; x_wconf 81' lang='lat' dir='ltr'>honeste</span> <span class='ocrx_word' id='word_1_116' title='bbox 2398 2908 2640 2982; x_wconf 83' lang='lat' dir='ltr'>vivere</span> 
     </span>
     <span class='ocr_line' id='line_1_29' title="bbox 1198 3022 2447 3122; baseline 0.001 -25"><span class='ocrx_word' id='word_1_117' title='bbox 1198 3023 1378 3099; x_wconf 87' lang='lat' dir='ltr'>sicut</span> <span class='ocrx_word' id='word_1_118' title='bbox 1411 3024 1827 3122; x_wconf 89' lang='lat' dir='ltr'>episcopum</span> <span class='ocrx_word' id='word_1_119' title='bbox 1862 3024 2158 3099; x_wconf 88' lang='lat' dir='ltr'>decebat</span> <span class='ocrx_word' id='word_1_120' title='bbox 2189 3022 2447 3111; x_wconf 84' lang='lat' dir='ltr'>facere,</span> 
     </span>
    </p>

    <p class='ocr_par' dir='ltr' id='par_1_18' title="bbox 1193 3139 2637 3353">
     <span class='ocr_line' id='line_1_30' title="bbox 1291 3139 2606 3239; baseline -0.001 -25"><span class='ocrx_word' id='word_1_121' title='bbox 1291 3139 1382 3214; x_wconf 89' lang='lat' dir='ltr'>ad</span> <span class='ocrx_word' id='word_1_122' title='bbox 1417 3141 1554 3214; x_wconf 93' lang='lat' dir='ltr'>hoc</span> <span class='ocrx_word' id='word_1_123' title='bbox 1589 3140 1972 3214; x_wconf 85' lang='lat' dir='ltr'>novissime</span> <span class='ocrx_word' id='word_1_124' title='bbox 2003 3140 2233 3239; x_wconf 82' lang='lat' dir='ltr'>coegit</span> <span class='ocrx_word' id='word_1_125' title='bbox 2268 3140 2606 3238; x_wconf 88' lang='lat' dir='ltr'>cupidum</span> 
     </span>
     <span class='ocr_line' id='line_1_31' title="bbox 1193 3253 2637 3353; baseline 0 -26"><span class='ocrx_word' id='word_1_126' title='bbox 1193 3253 1388 3351; x_wconf 91' lang='lat' dir='ltr'>quod</span> <span class='ocrx_word' id='word_1_127' title='bbox 1425 3279 1634 3328; x_wconf 88' lang='lat' dir='ltr'>suum</span> <span class='ocrx_word' id='word_1_128' title='bbox 1671 3254 1990 3349; x_wconf 90' lang='lat' dir='ltr'>linquere</span> <span class='ocrx_word' id='word_1_129' title='bbox 2027 3254 2192 3328; x_wconf 86' lang='lat' dir='ltr'>fecit</span> <span class='ocrx_word' id='word_1_130' title='bbox 2225 3255 2637 3353; x_wconf 89' lang='lat' dir='ltr'>hospitium.</span> 
     </span>
    </p>

    <p class='ocr_par' dir='ltr' id='par_1_19' title="bbox 1189 3367 2555 3583">
     <span class='ocr_line' id='line_1_32' title="bbox 1291 3367 2555 3468; baseline 0 -25"><span class='ocrx_word' id='word_1_131' title='bbox 1291 3368 1524 3443; x_wconf 87' lang='lat' dir='ltr'>Exivit</span> <span class='ocrx_word' id='word_1_132' title='bbox 1559 3367 1824 3441; x_wconf 87' lang='lat' dir='ltr'>etenim</span> <span class='ocrx_word' id='word_1_133' title='bbox 1860 3368 1950 3442; x_wconf 94' lang='lat' dir='ltr'>de</span> <span class='ocrx_word' id='word_1_134' title='bbox 1987 3367 2205 3443; x_wconf 88' lang='lat' dir='ltr'>domo</span> <span class='ocrx_word' id='word_1_135' title='bbox 2240 3369 2555 3468; x_wconf 89' lang='lat' dir='ltr'>propria,</span> 
     </span>
     <span class='ocr_line' id='line_1_33' title="bbox 1189 3484 2242 3583; baseline -0.001 -24"><span class='ocrx_word' id='word_1_136' title='bbox 1189 3484 1479 3583; x_wconf 84' lang='lat' dir='ltr'>jubente</span> <span class='ocrx_word' id='word_1_137' title='bbox 1515 3508 1775 3557; x_wconf 87' lang='lat' dir='ltr'>venere</span> <span class='ocrx_word' id='word_1_138' title='bbox 1814 3491 1888 3556; x_wconf 92' lang='lat' dir='ltr'>et</span> <span class='ocrx_word' id='word_1_139' title='bbox 1923 3484 2242 3574; x_wconf 82' lang='lat' dir='ltr'>avaritia,</span> 
     </span>
    </p>

    <p class='ocr_par' dir='ltr' id='par_1_20' title="bbox 1193 3598 2766 3814">
     <span class='ocr_line' id='line_1_34' title="bbox 1295 3598 2766 3701; baseline 0.001 -29"><span class='ocrx_word' id='word_1_140' title='bbox 1295 3598 1628 3697; x_wconf 87' lang='lat' dir='ltr'>vaditque</span> <span class='ocrx_word' id='word_1_141' title='bbox 1664 3598 1756 3672; x_wconf 86' lang='lat' dir='ltr'>ad</span> <span class='ocrx_word' id='word_1_142' title='bbox 1792 3607 2107 3673; x_wconf 91' lang='lat' dir='ltr'>montem</span> <span class='ocrx_word' id='word_1_143' title='bbox 2144 3600 2361 3676; x_wconf 88' lang='lat' dir='ltr'>sancti</span> <span class='ocrx_word' id='word_1_144' title='bbox 2403 3601 2766 3701; x_wconf 81' lang='lat' dir='ltr'>Gaugerici</span> 
     </span>
     <span class='ocr_line' id='line_1_35' title="bbox 1193 3713 2571 3814; baseline 0.001 -27"><span class='ocrx_word' id='word_1_145' title='bbox 1193 3714 1266 3786; x_wconf 90' lang='lat' dir='ltr'>in</span> <span class='ocrx_word' id='word_1_146' title='bbox 1302 3714 1519 3788; x_wconf 91' lang='lat' dir='ltr'>domo</span> <span class='ocrx_word' id='word_1_147' title='bbox 1550 3713 1869 3788; x_wconf 88' lang='lat' dir='ltr'>Abdonis</span> <span class='ocrx_word' id='word_1_148' title='bbox 1903 3714 2270 3814; x_wconf 86' lang='lat' dir='ltr'>cujusdam</span> <span class='ocrx_word' id='word_1_149' title='bbox 2306 3715 2571 3803; x_wconf 90' lang='lat' dir='ltr'>clerici,</span> 
     </span>
    </p>

    <p class='ocr_par' dir='ltr' id='par_1_21' title="bbox 1193 3827 2679 4045">
     <span class='ocr_line' id='line_1_36' title="bbox 1290 3827 2679 3928; baseline 0.002 -28"><span class='ocrx_word' id='word_1_150' title='bbox 1290 3827 1530 3924; x_wconf 92' lang='lat' dir='ltr'>ibique</span> <span class='ocrx_word' id='word_1_151' title='bbox 1567 3827 1835 3902; x_wconf 79' lang='lat' dir='ltr'>habitat</span> <span class='ocrx_word' id='word_1_152' title='bbox 1869 3828 1960 3902; x_wconf 91' lang='lat' dir='ltr'>ad</span> <span class='ocrx_word' id='word_1_153' title='bbox 2000 3837 2244 3903; x_wconf 88' lang='lat' dir='ltr'>votum</span> <span class='ocrx_word' id='word_1_154' title='bbox 2279 3829 2679 3928; x_wconf 90' lang='lat' dir='ltr'>proprium,</span> 
     </span>
     <span class='ocr_line' id='line_1_37' title="bbox 1193 3942 2580 4045; baseline 0.001 -29"><span class='ocrx_word' id='word_1_155' title='bbox 1193 3943 1461 4018; x_wconf 90' lang='lat' dir='ltr'>nullum</span> <span class='ocrx_word' id='word_1_156' title='bbox 1499 3971 1540 4017; x_wconf 95' lang='lat' dir='ltr'>a</span> <span class='ocrx_word' id='word_1_157' title='bbox 1577 3942 1855 4018; x_wconf 84' lang='lat' dir='ltr'>famulis</span> <span class='ocrx_word' id='word_1_158' title='bbox 1891 3969 2152 4045; x_wconf 85' lang='lat' dir='ltr'>rogans</span> <span class='ocrx_word' id='word_1_159' title='bbox 2189 3945 2580 4020; x_wconf 86' lang='lat' dir='ltr'>servitium.</span> 
     </span>
    </p>

    <p class='ocr_par' dir='ltr' id='par_1_22' title="bbox 1289 4058 2541 4156">
     <span class='ocr_line' id='line_1_38' title="bbox 1289 4058 2541 4156; baseline 0.002 -24"><span class='ocrx_word' id='word_1_160' title='bbox 1289 4058 1426 4132; x_wconf 86' lang='lat' dir='ltr'>Sed</span> <span class='ocrx_word' id='word_1_161' title='bbox 1464 4084 1684 4156; x_wconf 91' lang='lat' dir='ltr'>quare</span> <span class='ocrx_word' id='word_1_162' title='bbox 1721 4069 2002 4135; x_wconf 88' lang='lat' dir='ltr'>maneat</span> <span class='ocrx_word' id='word_1_163' title='bbox 2036 4060 2133 4134; x_wconf 92' lang='lat' dir='ltr'>ibi</span> <span class='ocrx_word' id='word_1_164' title='bbox 2173 4061 2232 4133; x_wconf 89' lang='lat' dir='ltr'>si</span> <span class='ocrx_word' id='word_1_165' title='bbox 2265 4061 2541 4149; x_wconf 83' lang='lat' dir='ltr'>dixero,</span> 
     </span>
    </p>
   </div>
   <div class='ocr_carea' id='block_1_11' title="bbox 976 4315 1815 4390">
    <p class='ocr_par' dir='ltr' id='par_1_23' title="bbox 976 4315 1815 4390">
     <span class='ocr_line' id='line_1_39' title="bbox 976 4315 1815 4390; baseline 0 -17"><span class='ocrx_word' id='word_1_166' title='bbox 976 4318 1023 4373; x_wconf 84' lang='lat'>1.</span> <span class='ocrx_word' id='word_1_167' title='bbox 1064 4315 1266 4390; x_wconf 83' lang='lat' dir='ltr'>Gomp.</span> <span class='ocrx_word' id='word_1_168' title='bbox 1301 4317 1353 4373; x_wconf 80' lang='lat'>1.</span> <span class='ocrx_word' id='word_1_169' title='bbox 1391 4319 1554 4385; x_wconf 67' lang='lat' dir='ltr'>Tim„</span> <span class='ocrx_word' id='word_1_170' title='bbox 1590 4316 1695 4390; x_wconf 86' lang='lat' dir='ltr'>VI,</span> <span class='ocrx_word' id='word_1_171' title='bbox 1730 4319 1815 4375; x_wconf 88' lang='grc'>10.</span> 
     </span>
    </p>
   </div>
  </div>
 </body>
</html>
