3558 5493
913 546 996 599 Ἠῶ

955 1146 1050 1219 25

948 2070 1042 2144 27

944 2532 1039 2606 28

945 2995 1040 3070 29

944 3456 1035 3526 30

944 3916 1022 3986 31

1858 543 2066 597 ΟΕΒΤΑ

1445 681 1832 775 Coaptatur
1868 704 2005 753 una
2042 679 2300 755 domus

1347 792 1437 867 de
1473 793 1682 894 lignis
1718 801 1792 867 et
1829 793 2184 891 lapidibus

1345 918 1547 1008 grata
1584 908 1745 984 urbi
1784 918 1859 985 et
1893 909 2192 1001 civibus,

1348 1034 1513 1123 apta
1547 1026 1723 1100 viris
1757 1025 2122 1101 divitibus.

1442 1147 1618 1217 Nam
1654 1140 1753 1216 ibi
1790 1149 1955 1217 sunt
1990 1142 2374 1233 cellarium,

1343 1257 1751 1357 granarium
1788 1267 1861 1332 et
1897 1257 2154 1333 solium

1342 1382 1416 1447 et
1450 1374 1752 1472 coquina
1786 1382 1862 1450 et
1896 1374 2251 1450 stabulum

1342 1498 1414 1563 et
1449 1490 1787 1588 quodque
1822 1490 2328 1566 necessarium.

1440 1611 1630 1706 Ergo
1663 1606 1854 1681 Petri
1893 1606 2198 1695 licentia,

1342 1745 1506 1797 cum
1541 1721 1736 1796 omni
1773 1747 1902 1797 sua
1937 1723 2164 1822 gratia

1339 1847 1813 1936 perrexerunt
1848 1838 1940 1913 ad
1975 1839 2267 1936 propria

1336 1977 1557 2052 gener
1593 1978 1763 2028 suus
1798 1962 1873 2027 et
1908 1953 2075 2027 filia.

1437 2073 1686 2142 Petrus
1721 2068 1818 2141 ita
1856 2067 2306 2166 relinquitur,

1336 2181 1596 2256 familia
1631 2183 1999 2271 dividitur,

1336 2297 1865 2375 Werimboldus
1901 2299 2320 2399 magnificus

1338 2412 1631 2488 domum
1669 2413 1927 2489 factam
1965 2415 2389 2516 ingreditur.

1432 2533 1625 2605 Tunc
1658 2531 1969 2607 ostendit
2003 2531 2298 2606 eximias

1335 2670 1515 2743 quas
1550 2645 1857 2721 habebat
1892 2646 2173 2722 divitias

1334 2769 1407 2835 et
1432 2761 1638 2861 juxta
1673 2762 2210 2860 circumpositas

1334 2877 1505 2953 edes
1539 2879 1861 2954 extendit
1896 2880 2092 2956 alias.

1433 2994 1683 3070 Tendit
1717 3021 2008 3096 semper
2037 2996 2127 3072 ad
2162 2995 2413 3085 ardua,

1335 3109 1427 3184 ad
1464 3110 1773 3187 honores
1809 3121 1883 3187 et
1914 3135 2240 3201 munera,

1324 3225 1475 3325 jam
1510 3250 1911 3324 pauperum
1946 3225 2303 3301 consortia

1332 3340 1769 3438 contempnit
1806 3365 1942 3438 pro
1978 3340 2304 3438 pecunia.

1428 3459 1794 3528 Honorant
1829 3478 1995 3529 eum
2030 3453 2297 3529 domini

1331 3577 1542 3665 atque
1574 3568 1884 3668 majores
1920 3570 2166 3670 populi

1328 3683 1663 3784 illumque
1697 3685 1958 3760 faciunt
1995 3685 2103 3761 sui

1330 3800 1747 3898 participem
1779 3802 2075 3877 consilii.

1429 3914 1611 4004 Quid
1647 3915 1833 3990 ultra
1869 3940 2166 4016 possum
2198 3915 2439 3992 dicere

1324 4028 1415 4103 de
1452 4029 1857 4129 hujusmodi
1894 4032 2222 4108 homine?

1324 4145 1571 4243 aspexi
1608 4144 1740 4220 sibi
1779 4171 2127 4246 prospere

1324 4260 1654 4337 universa
1692 4262 2100 4338 succedere.
