3558 5493
1452 538 1727 591 Nloom.

542 666 684 747 342
1075 675 1215 744 Pro
1248 670 1380 745 hac
1412 696 1589 771 ergo
1622 697 1704 747 re
1738 673 1977 748 audita

976 793 1047 858 et
1083 785 1436 861 minarum
1468 786 1800 885 superbia

975 900 1145 975 item
1174 901 1366 1001 jurat
1401 911 1476 977 et
1509 905 1817 978 affirmat

973 1016 1331 1091 Cameraci
1369 1017 1771 1092 communia

539 1126 679 1201 343
1071 1130 1265 1230 quod
1304 1131 1541 1229 ipsum
1579 1131 1835 1208 Montis
1868 1131 2202 1208 comitem

970 1245 1418 1322 sustinebunt
1451 1247 1560 1322 in¹
1599 1248 1999 1348 principem

972 1362 1315 1439 adversus
1350 1389 1639 1439 omnem
1673 1366 2036 1440 hominem

969 1488 1214 1577 preter
1249 1505 1493 1582 regem
1530 1489 1601 1556 et
1639 1482 2024 1580 presulem.

652 1731 776 1798 De
819 1732 1033 1799 bello
1080 1732 1271 1800 ante
1318 1732 1816 1817 osgiachum
1860 1734 1948 1800 et
1990 1734 2092 1802 de
2138 1733 2521 1815 captione

1385 1840 1791 1926 symonis.

533 2056 674 2132 344
1064 2058 1325 2135 Audito
1359 2083 1532 2133 vero
1567 2059 2029 2158 postmodum

966 2173 1160 2272 quod
1196 2173 1388 2278 spud
1426 2174 1803 2273 Oysiacum

967 2297 1117 2363 erat
1153 2314 1395 2364 comes
1430 2287 1945 2377 Flandriarum,

966 2403 1024 2477 it
1055 2404 1436 2481 Montensis
1470 2413 1720 2480 contra
1755 2428 1946 2479 eum.

529 2518 671 2595 345
1063 2520 1329 2611 Quibus
1360 2519 1983 2621 congredientibus

964 2644 1038 2711 et
1070 2636 1429 2735 utrimque
1464 2636 1903 2711 certantibus

962 2754 1150 2852 cepit
1184 2778 1423 2827 comes
1459 2752 1550 2827 de
1585 2751 1939 2827 Montibus

963 2868 1365 2967 complures
1401 2868 1493 2943 de
1526 2866 2096 2942 Flandrensibus.

527 2982 668 3057 346
1059 2988 1323 3082 Symon
1358 3007 1535 3057 vero
1571 2982 1932 3057 audaciter

964 3107 1383 3199 prosecutus
1418 3106 1931 3197 prosequentes

961 3216 1052 3291 ab
1083 3215 1384 3290 inimicis
1416 3214 1688 3313 pariter

963 3330 1146 3405 inter
1181 3332 1498 3429 captivos
1533 3338 1783 3428 captus
1819 3337 1955 3404 est.

527 3445 667 3521 347
1058 3451 1281 3537 Quem
1314 3445 1506 3520 idem
1541 3445 1693 3545 ejus
1729 3443 1971 3530 emuli,

964 3561 1088 3659 qui
1123 3569 1324 3635 erant
1358 3570 1689 3658 parentes
1726 3561 1861 3648 sui,

960 3677 1181 3751 sterni
1216 3676 1538 3752 videntes
1572 3686 1645 3751 et
1681 3676 1836 3774 capi

959 3793 1099 3867 cito
1131 3793 1454 3867 laborant
1488 3792 1695 3891 eripi.

522 3909 665 3984 348
1055 3913 1534 4007 Ereptumque
1572 3906 1662 3981 de
1698 3914 1993 4005 captura

959 4030 1033 4097 et
1066 4023 1301 4098 hostili
1334 4022 1652 4121 potentia

592 4285 642 4340 1.
685 4287 767 4339 in.
800 4282 962 4340 Dans
990 4281 1044 4340 le
1068 4299 1177 4339 ms.
1210 4281 1520 4340 au-dessus
1548 4279 1619 4338 de
1648 4280 1704 4337 la
1731 4279 1908 4353 ligne.
