3558 5493
1419 513 1759 565 omnam.
2591 515 2654 566 77

974 672 1116 745 qua
1150 655 1330 737 ane,
1372 672 1518 747 quo
1553 647 1836 747 ingenio

975 764 1352 839 Galcherus
1388 763 1615 863 possit
1649 763 1740 839 ab
1777 762 1896 838 illo

978 877 1236 978 expelli
1271 879 1743 978 reoeptamlo.

1272 1124 1396 1189 De
1444 1121 1913 1216 Godeffldp.

537 1315 682 1389 448
1076 1318 1134 1389 N
1137 1338 1274 1389 unc
1309 1338 1559 1390 omnes
1595 1314 1959 1415 intelligite

978 1431 1098 1530 qui
1137 1456 1309 1506 sano
1346 1430 1518 1506 estis
1556 1440 1846 1530 pectore

980 1548 1243 1623 factum
1278 1547 1466 1622 illud'
1488 1547 1802 1622 terribile

979 1662 1175 1762 quod
1213 1663 1529 1737 fecerunt
1563 1688 1698 1761 pro
1735 1661 2045 1762 presule.

417 1888 426 1893 α
541 1778 683 1853 449
1076 1782 1379 1855 Sumunt
1413 1778 1602 1852 enim
1639 1777 2125 1853 Godefridum¹

981 1893 1179 1968 illum
1210 1893 1513 1970 Anselli²
1552 1893 1802 1982 filium,

979 2034 1196 2108 quem
1232 2008 1616 2085 sublimant
1650 2010 1722 2085 in
1760 2009 2129 2085 dominum

987 2151 1071 2200 ac
1105 2125 1310 2200 civile
1344 2126 1805 2225 presidium³.

542 2243 686 2317 450
1082 2245 1309 2340 Super
1343 2242 1512 2316 hoc⁴
1552 2241 1782 2317 adhuc
1817 2239 2090 2316 facinus

983 2356 1377 2433 concedunt
1414 2357 1587 2431 sibi⁵
1626 2357 1954 2456 protinus

986 2480 1067 2547 ut
1101 2472 1249 2548 suis
1284 2474 1519 2547 trahat
1554 2474 1801 2548 usibus

984 2588 1419 2687 episcopales
1455 2588 1806 2676 redditus,

549 2701 675 2777 451
1086 2712 1157 2778 et
1190 2702 1451 2779 milites
1487 2703 1648 2779 hinc
1681 2713 1920 2780 teneat

989 2844 1119 2918 per
1154 2843 1338 2916 quos
1374 2828 1566 2895 terre
1604 2819 1980 2919 provideat

985 2944 1058 3009 et
1092 2935 1509 3011 Galeherum
1548 2934 1873 3009 cohibeat

984 3076 1077 3125 ne
1113 3076 1456 3151 umquam
1491 3051 1627 3125 illis
1663 3060 1940 3126 noceat.

547 3165 702 3242 452·
1085 3170 1289 3267 Hugo
1326 3167 1417 3242 de
1450 3168 1680 3243 1116111ὃ
1715 3176 1961 3265 preter
1993 3168 2131 3242 hoc

621 3388 673 3442 1.
714 3385 985 3445 Godefroi
1013 3385 1086 3445 de
1117 3386 1432 3445 Ribemont
1459 3392 1667 3462 (comp.
1698 3388 1832 3462 plus
1861 3387 2006 3446 haut
2032 3404 2088 3461 p.
2123 3389 2211 3462 11,
2252 3393 2461 3452 notes).
2504 3386 2594 3445 On
2637 3403 2673 3444 a

549 3473 621 3533 de
666 3475 750 3533 lui
797 3475 939 3533 trois
984 3475 1213 3534 chan-tes
1257 3477 1453 3534 datees
1500 3476 1602 3533 des
1649 3478 1866 3534 annees
1914 3477 2049 3534 1103
2087 3483 2146 3533 et
2192 3476 2362 3546 1104,
2413 3492 2514 3551 par
2554 3475 2673 3533 les-

548 3562 768 3638 quelles
811 3563 852 3620 il
892 3563 998 3621 fait
1034 3579 1108 3621 ou
1149 3563 1425 3622 confirmo
1465 3562 1568 3621 des
1611 3565 1919 3622 donations
1960 3563 1995 3621 ὁ,
2036 3562 2136 3621 des
2176 3563 2384 3636 eglises
2422 3570 2481 3621 et
2507 3563 2543 3620 ὲ
2571 3561 2673 3621 des

549 3653 905 3710 monasteres
937 3650 1309 3726 (Brequigny,
1337 3654 1496 3710 Table
1525 3655 1614 3709 des
1642 3655 1804 3725 dipl„
1839 3660 1880 3709 t.
1914 3652 1994 3727 ΙΙ,
2025 3671 2081 3727 p.
2113 3652 2240 3723 354,
2274 3652 2421 3726 361).

619 3739 673 3797 2.
714 3739 912 3813 Gomp.
945 3739 1073 3813 plus
1102 3740 1245 3797 haut
1271 3747 1372 3796 str.
1404 3740 1495 3796 61.

622 3829 674 3885 3.
716 3828 879 3887 Cette
916 3828 1150 3902 strophe
1193 3836 1280 3886 est
1323 3828 1540 3886 rendue
1577 3827 1723 3886 dans
1761 3828 1819 3887 la
1855 3828 2103 3887 Version
2132 3828 2412 3899 francaise
2446 3844 2550 3902 par
2578 3844 2673 3887 ces

550 3925 702 3976 mots
726 3941 738 3973 z
771 3919 903 3974 Lors
923 3923 1143 3991 prisent
1172 3918 1424 3989 Godesroi
1449 3920 1512 3988 fil
1538 3921 1728 3976 Ansiel
1754 3921 1975 3975 deseure
2008 3925 2248 3975 nommet
2275 3926 2326 3975 et
2352 3923 2513 3990 fisum
2551 3924 2675 3975 leur

547 4011 805 4079 κίρκων
830 4012 879 4064 ot
909 4012 1240 4064 l'eslevoront
1265 4011 1321 4064 si
1345 4025 1448 4079 quo
1475 4009 1778 4076 deffenseur
1806 4010 1870 4064 de
1899 4011 1956 4064 la
1985 4012 2088 4065 cite
2119 4011 2188 4080 (c.
2221 4007 2311 4080 21,
2343 4025 2399 4081 p.
2434 4007 2578 4082 517).

620 4096 675 4153 4.
717 4097 832 4152 hoc.
868 4095 1028 4153 Dans
1056 4095 1110 4153 le
1140 4113 1250 4153 ms.
1282 4096 1592 4153 au-dessus
1619 4096 1693 4153 de
1721 4096 1779 4153 la
1804 4094 1984 4169 ligne.

624 4186 674 4241 5.
714 4187 842 4241 sibi.
882 4183 1043 4241 Dans
1071 4183 1125 4241 le
1153 4202 1264 4243 ms.
1296 4185 1605 4243 au-dessus
1634 4184 1704 4244 de
1733 4185 1790 4242 la
1819 4186 1995 4259 ligne.

621 4272 676 4330 6.
715 4273 796 4331 Le
825 4272 999 4331 detail
1027 4277 1265 4347 mai-que
1293 4273 1422 4349 plus
1453 4274 1551 4332 bas
1580 4273 1725 4332 dans
1750 4274 1809 4332 la
1826 4283 1928 4332 str.
1958 4273 2062 4332 453
2089 4282 2316 4332 monti-e
2339 4273 2677 4333 clairement
