3558 5493
952 608 1010 660 44
1911 602 2115 656 GBSTA

1390 739 1843 817 Remensium
1879 739 2313 839 episcopus¹.

1390 856 1515 932 Cui
1554 855 1891 931 successit
1926 855 2103 931 alius

953 976 1096 1050 250
1489 972 1562 1046 in
1597 971 2204 1071 archiepiscopatu

1388 1088 1511 1187 qui
1547 1092 1901 1163 Manasses
1933 1088 2368 1188 appellatur²

1387 1204 1712 1302 equivoci
1745 1204 2134 1279 avunculus

1386 1324 1701 1395 Manasse
1737 1320 1829 1395 de
1866 1345 2010 1418 quo
2049 1320 2448 1396 scribimus.

948 1438 1077 1513 251
1482 1436 1611 1510 Hic
1645 1435 2082 1535 archipresul
2120 1436 2335 1511 etiam

1384 1549 1565 1625 hanc
1599 1551 1674 1625 in
1709 1550 1947 1624 banno
1983 1551 2353 1627 ecclesiam

1388 1666 1490 1740 sic
1525 1674 1722 1741 tenet
1756 1675 2059 1767 propter
2092 1671 2486 1744 Manassem

1388 1782 1569 1856 sicut
1603 1781 1877 1857 invenit
1910 1783 2245 1881 positam.

947 1900 1095 1975 252
1483 1897 1663 1972 Hinc
1699 1897 2019 1972 Galcheri
2055 1898 2373 1998 episcopi

1384 2013 1803 2088 colletantur
1837 2014 2189 2105 malevoli,

1383 2128 1508 2226 qui
1542 2129 1892 2228 cogitatus
1925 2129 2142 2203 animi

1384 2243 1887 2320 desiderabant
1916 2246 2192 2343 perfici.

946 2358 1090 2434 253
1481 2365 1657 2435 Nam
1696 2371 1900 2436 erant
1934 2362 2007 2435 in
2042 2363 2414 2462 angustiis,

1384 2477 1457 2551 in
1492 2476 1858 2553 laboribus
1893 2477 2244 2575 plurimis,

1387 2593 1638 2668 diebus
1674 2593 1747 2668 in
1786 2595 2119 2683 consiliis,

1388 2708 1716 2785 noctibus
1748 2710 1823 2784 in
1860 2710 2208 2809 suspiriis,

948 2821 1094 2896 254
1487 2833 1882 2902 scrutantes
1915 2834 2158 2901 mente
2192 2814 2488 2904 subdola

1387 2966 1528 3039 qua
1560 2940 1824 3032 fronte,
1866 2968 2007 3041 qua
2043 2941 2335 3018 audacia

1386 3058 1626 3156 presul
1663 3059 2043 3134 Galcherus
2079 3058 2309 3133 valeat

1387 3172 1477 3246 ab
1513 3173 1646 3248 bac
1680 3174 1938 3273 expelli
1975 3174 2232 3273 patria.

949 3288 1095 3363 255
1488 3289 1743 3365 Audite
1781 3313 1937 3362 rem
1972 3288 2370 3364 mirabilem

1390 3412 1463 3478 et
1496 3404 1801 3479 multum
1837 3403 2336 3493 execrabilem,

1026 3651 1076 3705 1.
1118 3650 1201 3708 Le
1229 3649 1293 3708 21
1321 3649 1546 3724 janvier
1575 3650 1742 3725 1096,
1782 3652 2002 3726 d’spres
2029 3650 2088 3711 la
2114 3652 2281 3710 lettre
2309 3651 2386 3709 du
2415 3651 2674 3725 chapitre
2700 3651 2772 3710 de
2799 3651 3004 3710 Reims
3031 3653 3066 3710 ὲ

950 3738 1222 3796 Lambert
1251 3739 1469 3815 aveque
1496 3740 1733 3799 d'Arras
1766 3743 1998 3815 (Recueil
2026 3743 2115 3798 des
2151 3744 2459 3798 Historiam
2487 3744 2551 3798 de
2584 3745 2810 3811 Franco,
2845 3749 2886 3799 t.
2920 3739 3063 3816 XV,

953 3845 1010 3901 p.
1044 3828 1188 3901 179).
1228 3828 1313 3886 Le
1338 3828 1550 3887 nouvel
1575 3827 1672 3887 elu
1697 3848 1738 3904 y
1763 3836 1854 3888 est
1879 3831 2081 3904 appele
2117 3833 2393 3888 Nanassos
2428 3834 2776 3903 praepositus
2816 3834 3067 3890 ecclesiae

950 3922 1424 4064 Μὲῒνῖἶέἰθοιίοῃ
1452 4006 1524 4065 de
1551 4007 1847 4065 Manasses
1875 4006 1936 4064 H
1964 4007 2141 4065 suivit
2167 4007 2239 4065 de
2267 4009 2382 4066 tres
2412 4009 2542 4082 pres
2577 4006 2634 4066 la
2665 4015 2818 4066 mort
2852 4007 2923 4067 de
2960 4025 3069 4067 sou

949 4092 1371 4167 predecesseur,
1402 4095 1664 4169 puisque,
1696 4097 1863 4169 apres
1891 4094 2097 4170 qu'elle
2129 4104 2229 4154 eut
2255 4096 2346 4152 ete
2367 4096 2680 4155 confirmes
2703 4113 2805 4171 per
2826 4096 2880 4154 le
2900 4113 3067 4171 pape,

952 4197 1018 4239 ce
1047 4180 1229 4255 prelat
1256 4180 1344 4238 fut
1361 4182 1617 4240 ordonne
1636 4183 1827 4242 diacre
1846 4182 1902 4241 la
1927 4183 2203 4257 premiere
2232 4183 2489 4241 semaine
2509 4183 2587 4242 du
2605 4187 2848 4257 cai-eme,
2880 4188 3068 4258 pretre

950 4270 983 4325 a
1003 4269 1058 4326 la
1073 4270 1428 4345 mirsi-eme,
1452 4279 1511 4329 et
1529 4272 1687 4330 enfin
1706 4273 1977 4332 consacre
1994 4273 2211 4349 evaque
2234 4272 2287 4330 le
2306 4271 2614 4332 dimam-,he
2633 4274 2780 4332 dela
2796 4273 3064 4344 Pession,

952 4359 1023 4419 3⁰
1048 4376 1206 4420 mars
1234 4359 1372 4420 1096
1403 4363 1604 4433 (Ihm).
