3558 5493
989 624 994 631 ἡ
1057 548 1120 602 8²
2009 544 2216 596 ons-n

1060 664 1188 737 471
1595 664 1773 734 Ecce
1811 659 1902 734 ad
1941 657 2458 735 restituendum

1497 774 1915 852 Galcherum
1951 775 2024 848 in
2059 775 2502 874 episcopum,

1496 892 1557 966 si
1591 891 1762 967 velit
1798 890 2310 991 magisterium,

1493 1007 1762 1083 nullum
1802 1016 2025 1082 restat
2057 1006 2528 1083 obstaculum.

1056 1127 1151 1200 47
1155 1129 1203 1205 2
1592 1124 1892 1200 Restitui
1920 1124 2071 1225 jam
2106 1123 2373 1222 poterit

1495 1241 1556 1316 si
1588 1245 1735 1316 Deo
1771 1240 1907 1314 hoc
1941 1239 2289 1339 placuerit
2326 1265 2343 1312 ε

1496 1382 1663 1431 nam
1699 1381 1910 1431 nemo
1947 1363 2058 1431 est
2093 1356 2218 1455 qui
2254 1379 2398 1431 non
2432 1354 2604 1429 velit

1495 1486 1566 1548 et
1603 1472 1835 1549 nullus
1868 1472 2033 1548 inde
2067 1471 2397 1547 contrait.

1157 1710 1281 1777 De
1328 1707 1739 1793 legatione
1783 1706 2169 1776 Galcheri
2211 1709 2321 1776 ad
2362 1707 3074 1790 archiepiscopum

1970 1816 2253 1883 mssa.

1055 2017 1201 2091 473
1593 2021 1786 2092 Tunc
1821 2014 2205 2090 Galcherus
2240 2014 2428 2090 inter
2461 2040 2627 2093 eum

1498 2140 1710 2230 atque
1746 2130 2358 2230 archiepiscopum

1494 2246 1855 2323 Ansellum
1890 2247 2085 2321 misit
2119 2247 2438 2323 medium

1493 2361 1856 2462 quendam
1892 2362 2490 2438 archidiaconum.

1056 2479 1201 2555 474
1592 2482 1727 2553 Per
1762 2478 2077 2553 mentem
2115 2477 2324 2554 valde
2360 2479 2751 2578 simplicem

1491 2590 1673 2691 petit
1706 2591 2295 2682 misericordiam,

1495 2715 1654 2783 orat
1687 2732 1823 2808 per
1854 2708 2161 2784 frontem
2197 2708 2533 2785 humilem

1493 2825 2080 2925 transgressionis
2114 2825 2425 2900 veniam.

1053 2940 1199 3015 475
1590 2939 1792 3017 Unde
1826 2940 2048 3015 iratus
2083 2941 2397 3041 graviter

1492 3061 1882 3132 Remorum
1917 3057 2161 3154 presul
2199 3062 2550 3132 Manasses

1492 3170 1854 3247 Ansellum
1889 3171 1997 3245 his
2032 3172 2411 3247 crudeliter

1492 3287 1859 3385 responsis
1895 3288 2240 3363 allocutus
2276 3297 2386 3363 est
2429 3314 2446 3362 ε

1052 3401 1197 3476 476
1588 3402 1730 3477 Pro
1767 3401 1915 3490 hoc,
1958 3403 2264 3492 Amelle,
2305 3405 2544 3478 nuntio

1490 3527 1557 3593 te
1593 3528 1806 3592 totum
1841 3521 2341 3593 excommunico

1492 3636 1612 3732 qui
1646 3634 1861 3709 audes
1900 3635 2087 3734 loqui
2121 3635 2341 3710 denuo

1491 3751 1578 3825 de
1614 3750 2009 3826 antichristi
2042 3752 2218 3848 filio.

1056 3978 1218 4030 notre
1245 3970 1584 4045 chronique,
1613 3971 1685 4029 ils
1716 3979 1849 4030 sont
1878 3973 2226 4046 posterieurs
2254 3973 2291 4029 a
2317 3972 2375 4030 la
2400 3969 2829 4030 reconciliation
2855 3969 2927 4027 de
2953 3967 3172 4043 l'eglise

1052 4059 1125 4118 de
1163 4058 1424 4117 Cambrai
1469 4076 1572 4133 par
1612 4061 2009 4136 Part-,haveque
2049 4060 2120 4120 de
2160 4061 2384 4119 Reims.
2429 4059 2510 4118 Or
2549 4068 2699 4119 cette
2739 4057 3173 4117 reconciliation

1054 4149 1216 4206 n’eut
1249 4147 1366 4207 lieu
1404 4165 1517 4222 que
1555 4148 1609 4208 le
1644 4150 1714 4209 20
1755 4151 2079 4225 septembre
2121 4150 2257 4208 1103
2290 4150 2363 4223 (v.
2394 4150 2525 4224 plus
2556 4150 2699 4207 haut
2726 4156 2828 4207 str.
2864 4148 2989 4221 437)
3019 4155 3080 4206 et
3107 4163 3171 4206 ce

1054 4236 1204 4294 n'est
1230 4236 1400 4310 qu'en
1423 4237 1616 4311 juillet
1643 4240 1782 4297 1105
1809 4255 1923 4313 que
1951 4255 2014 4297 se
2052 4237 2119 4296 fit
2154 4238 2442 4297 l’eloction
2477 4237 2699 4297 d'Odon
2739 4253 2882 4311 pour
2919 4234 2974 4294 le
3012 4236 3171 4309 siege

1056 4324 1127 4382 de
1156 4325 1417 4382 Cambrai
1451 4329 1528 4396 (v.
1559 4326 1689 4400 plus
1717 4327 1819 4384 bas
1848 4333 1949 4383 str.
1981 4327 2129 4397 491).
