3558 5493
941 570 1032 624 244
1690 573 1778 623 nr.
1807 573 2008 625 omru
2036 573 2313 638 nicom,

1520 863 1644 929 De
1690 862 2059 930 Roberto
2105 863 2472 932 Ariensl.

1472 1125 1649 1200 Hinc
1683 1126 2079 1202 Robertum
2114 1126 2207 1203 de
2242 1069 2447 1202 Aria·

1373 1240 1824 1317 Flandrensis
1859 1242 2057 1317 dedit
2092 1242 2288 1317 curia

1469 1364 1549 1431 ut
1583 1367 1866 1458 regeret
1900 1357 2301 1446 ecclesiam,

980 1470 1075 1544 45
1370 1471 1666 1546 multam
1704 1472 1977 1548 habens
2012 1473 2461 1548 industriam.
2517 1542 2523 1546 ,

1469 1588 1606 1662 Sed
1644 1588 1888 1664 Jaoohi
1926 1587 2260 1663 satellites

1371 1702 1442 1776 in
1479 1712 1715 1778 morte
1752 1729 1880 1779 sua
1915 1704 2300 1805 complices

1469 1820 1713 1907 sensit,
1757 1830 1831 1894 et
1866 1820 2074 1895 datus
2113 1819 2341 1895 funeri

1367 1935 1605 2010 iocum
1642 1936 1912 2010 dimisit
1947 1937 2216 2011 alteri¹.

1202 2207 1326 2272 De
1372 2205 1685 2274 Alardo
1734 2206 2314 2274 cameracensi
2362 2206 2778 2289 episeopo.

980 2460 1072 2529 50
1465 2459 1635 2529 Post
1665 2455 1855 2530 hunc
1890 2456 2422 2532 archidiaconus

1369 2571 1671 2646 Alardus
1706 2572 2018 2646 nummis
2056 2572 2381 2670 preditus

924 2819 1180 2895 l'eveque
1209 2820 1304 2877 elu
1331 2820 1546 2879 Pierre.
1579 2819 2151 2878 Malheureusement
2177 2821 2232 2879 la
2258 2820 2576 2895 chronique
2596 2820 2667 2879 de
2688 2828 2779 2880 eet
2795 2821 3048 2880 ecrivain

924 2908 1156 2965 s'arrete
1183 2908 1219 2965 ὲ
1246 2907 1470 2965 l'annee
1502 2908 1641 2965 1170
1668 2917 1728 2965 et
1756 2924 1903 2965 nous
1932 2908 2169 2967 n'avons
2212 2907 2342 2983 plus
2381 2926 2527 2983 pour
2565 2909 2619 2966 la
2657 2910 2808 2968 suite
2846 2926 2957 2984 que
2994 2911 3049 2967 le

922 2998 1137 3070 maigre
1165 2996 1306 3054 reeit
1334 2996 1410 3053 du
1441 2995 1723 3055 ohannins
1749 2998 1821 3054 de
1841 2997 2128 3069 (lambini,
2161 2998 2261 3073 qui
2291 3015 2364 3056 va
2385 2998 2610 3073 jusqu'e
2635 2997 2861 3057 l'annee
2884 2998 3041 3056 1191.

924 3085 1120 3143 Pierre
1149 3103 1222 3143 ne
1253 3094 1414 3157 reeut
1434 3087 1643 3161 jamais
1673 3085 1757 3143 les
1787 3086 1998 3144 ordres.
2047 3087 2096 3143 11
2137 3103 2389 3157 renones
2417 3087 2453 3143 ὁ.
2482 3087 2537 3144 la
2564 3086 2786 3160 dignite
2823 3086 3046 3161 episco-

921 3173 1049 3248 pale
1068 3191 1142 3231 en
1162 3175 1296 3231 1174
1320 3173 1623 3249 (Sigebert.
1663 3176 1869 3232 Chron.
1896 3176 2119 3233 Gontin.
2150 3175 2490 3246 Aquicinct„
2527 3192 2581 3248 p.
2607 3175 2754 3247 414),
2784 3181 2913 3248 sept
2939 3190 3047 3232 ans

921 3263 1161 3320 environ
1183 3264 1348 3337 apres
1368 3280 1474 3321 son
1493 3262 1760 3335 election,
1792 3270 1852 3321 et
1871 3263 2103 3336 epousa,
2135 3279 2209 3320 en
2231 3264 2391 3337 1175,
2423 3261 2730 3334 Mathilde,
2762 3270 3048 3320 comtesse

921 3351 992 3409 de
1022 3352 1241 3409 Nevers
1272 3354 1427 3424 (ibid.
1450 3384 1523 3394 —
1552 3351 1770 3409 Robert
1798 3352 1869 3410 de
1899 3352 2096 3410 Monte
2115 3351 2188 3409 ad
2216 3368 2310 3409 an.
2346 3353 2502 3424 1177,
2537 3355 2685 3408 Non.
2715 3354 2918 3419 Germ„
2941 3352 3039 3410 SS.

919 3449 962 3498 t.
987 3440 1093 3514 VI,
1124 3457 1179 3512 p.
1214 3440 1333 3511 525)
1350 3460 1365 3509 3
1399 3441 1548 3497 mais
1578 3439 1619 3495 il
1650 3448 1903 3513 mourut,
1935 3456 2160 3497 comme
2189 3440 2243 3497 le
2271 3456 2510 3513 marque
2538 3447 2702 3498 notre
2729 3455 3042 3513 anonyme,

920 3528 1064 3585 dans
1100 3528 1326 3585 l'annee
1363 3533 1553 3585 meme
1591 3529 1689 3602 qui
1734 3528 1909 3585 suivit
1957 3545 2063 3587 son
2101 3529 2381 3602 mariage,
2426 3544 2502 3585 en
2549 3527 2688 3586 1176
2734 3526 3041 3603 (sigebert.

925 3616 1130 3672 Chr-on.
1166 3617 1389 3673 Gontin.
1421 3618 1758 3686 Aquicinct„
1792 3616 1900 3674 loc.
1934 3617 2032 3675 cit.
2065 3626 2126 3675 et
2152 3617 2224 3674 ad
2254 3633 2350 3675 an.
2387 3615 2564 3689 1176).

994 3705 1045 3760 1.
1087 3702 1202 3759 Sur
1229 3702 1449 3761 Robert
1475 3703 1695 3777 d'Aire,
1726 3704 1818 3761 elu
1849 3721 1922 3762 en
1953 3705 2088 3763 1174
2120 3713 2180 3763 et
2209 3705 2305 3762 tue
2333 3704 2389 3761 la
2416 3708 2608 3762 meme
2634 3704 2822 3762 annee
2841 3702 3045 3778 parles

920 3811 1062 3866 gens
1103 3793 1175 3852 de
1213 3793 1456 3868 Jaoques
1502 3793 1857 3869 d’AvesneS,
1901 3811 1979 3852 on
2024 3803 2165 3870 peut
2212 3795 2504 3853 consulter
2550 3794 2602 3852 le
2648 3793 2931 3852 chanoine
2972 3792 3044 3850 de

920 3883 1185 3940 Cambrai
1235 3883 1470 3955 (Canon.
1530 3884 1845 3958 Gamerae,
1897 3902 1947 3942 e.
1995 3886 2084 3955 21,
2142 3900 2198 3959 p.
2263 3885 2408 3959 509),
2469 3884 2693 3942 Gilbert
2746 3884 2819 3941 de
2876 3883 3044 3940 Mons

921 3974 995 4045 (p.
1020 3972 1166 4046 524),
1199 3970 1254 4027 la
1271 3972 1603 4047 chronique
1623 3973 1917 4031 d'Anchin
1942 3974 2241 4048 (Sigebert.
2276 3976 2407 4031 Chr.
2445 3976 2669 4032 Contin.
2698 3974 3036 4045 Aquicinct„

920 4077 976 4133 p.
1006 4061 1268 4132 414-415)
1300 4068 1359 4117 et
1387 4061 1444 4117 la
1462 4061 1791 4136 Chronique
1820 4062 1890 4120 de
1912 4063 2072 4120 Laon
2092 4065 2231 4136 (Rec.
2263 4065 2354 4119 des
2381 4067 2527 4119 Hist.
2559 4065 2624 4119 de
2651 4065 2767 4129 Fra,
2801 4069 2845 4119 t.
2876 4060 3040 4134 xm,

919 4166 974 4221 p.
1006 4149 1152 4221 681).
1177 4150 1327 4206 -S.
1358 4150 1625 4207 Antonin
1655 4150 1726 4208 de
1746 4151 2023 4210 Florence
2052 4161 2110 4209 et
2132 4151 2385 4209 Vincent
2412 4151 2483 4209 de
2503 4152 2790 4209 Beauvais
2819 4167 2881 4209 se
2912 4157 3043 4208 sont

920 4239 1050 4295 faits
1080 4239 1162 4296 les
1191 4240 1364 4298 echos
1392 4238 1462 4296 de
1489 4239 1860 4299 l'accusation
1891 4242 1963 4300 de
1990 4257 2311 4299 commeree
2339 4258 2480 4300 avec
2511 4242 2566 4300 le
2594 4240 2806 4299 demon
2834 4240 3041 4314 repan-

921 4326 1031 4383 due
1059 4335 1257 4386 contre
1285 4335 1376 4386 oet
1404 4328 1629 4388 illustre
1657 4347 1937 4402 parvenn.
