3558 5493
938 551 1034 601 ‘2⁴0
1903 547 2105 598 GESTA

1379 690 1807 757 renovantes
1843 680 1932 755 ad
1971 681 2300 755 invicem.

940 797 1085 871 458
1477 801 1640 871 Mox
1677 796 1791 869 ille
1825 795 2212 870 Montensis
2248 819 2487 869 comes

1375 922 1445 988 et
1483 911 1853 987 Nicholaus
1891 912 2208 1010 pontifex

1378 1053 1509 1126 per
1545 1027 1811 1102 amicos
1845 1035 1920 1102 et
1953 1026 2198 1101 fideles

1374 1145 1558 1219 fiunt
1592 1144 1800 1218 amici
1838 1142 2150 1217 stabiles.

938 1260 1080 1336 459
1474 1261 1651 1334 Hinc
1686 1260 1842 1358 ipsa
1875 1268 2066 1333 terra
2105 1256 2386 1333 comitis

1376 1376 1611 1452 banno
1648 1376 1860 1476 ligata
1896 1374 2199 1473 presulis

1377 1492 1698 1567 absoluta
1732 1492 1817 1564 fit
1851 1489 2093 1564 hilaris

1376 1633 1509 1706 pro
1547 1606 1923 1682 stabilitate
1959 1604 2180 1705 pacis.

938 1723 1081 1797 460
1474 1727 1561 1797 Et
1598 1731 1676 1796 ut
1704 1721 1927 1821 justa¹
1968 1746 2113 1820 pax
2149 1729 2471 1794 servetur

1375 1838 1554 1936 petit
1589 1863 1830 1913 comes
1867 1846 1942 1911 et
1977 1845 2310 1935 precatur

1376 1963 1456 2029 ut
1489 1954 1845 2030 Gerardus
1882 1978 1960 2026 su
1969 1951 2328 2051 pradictus

1375 2071 1445 2145 in
1482 2071 1663 2145 atrio
1701 2068 2089 2144 tumuletur
2131 2094 2147 2141 ε

935 2188 1065 2262 461
1472 2187 1594 2283 qui
1626 2185 1894 2259 habens
1932 2182 2411 2258 testimonium

1376 2326 1453 2375 se
1488 2300 1989 2401 recognovisse
2025 2323 2230 2374 reum
2509 2317 2514 2326 ·

1375 2425 1623 2491 contra
1659 2426 2056 2490 creatorem
2094 2440 2328 2502 suum,

1374 2532 1634 2606 habere
1671 2530 1885 2606 debet
1920 2531 2205 2605 atrium.

937 2648 1081 2726 462
1475 2646 1733 2724 Audito
1770 2646 2177 2721 testimonio

1374 2763 1616 2865 presul
1653 2760 2048 2841 Gerardum
2088 2762 2245 2838 ilico

1315 2885 1319 2889 ’
1372 2879 1558 2955 fideli
1567 2903 1688 2955 um
1725 2879 2017 2954 consilio

1376 2996 1702 3094 sepelivit
1736 2996 1811 3069 in
1847 2994 2057 3084 atrio,

935 3109 1078 3183 463
1472 3110 1546 3184 in
1582 3111 1764 3185 atrio
1800 3109 1891 3184 de
1931 3108 2238 3185 Senlecis

1374 3250 1578 3301 secus
1615 3226 1884 3299 fossam
1918 3250 2086 3300 suae
2123 3228 2396 3313 matriS,

1370 3341 1483 3415 cui
1519 3346 1705 3415 Deus
1742 3340 2025 3440 pietatis

1371 3453 1730 3554 indulgeat
1767 3454 1860 3529 de
1895 3455 2228 3552 peccatis,

933 3567 1079 3643 464
1472 3571 1586 3644 Sic
1614 3570 1726 3644 his
1762 3570 1978 3646 rebus
2014 3570 2465 3669 compositis²

1006 3767 1056 3822 1.
1088 3770 1271 3837 justa.
1303 3763 1463 3823 Dans
1492 3766 1546 3824 le
1573 3782 1684 3825 me.
1704 3770 1899 3838 juxta.

1003 3853 1057 3910 2.
1100 3853 1277 3912 Notre
1303 3870 1613 3928 anonyme,
1644 3855 1745 3929 qui
1773 3854 1927 3911 avait
1953 3854 2081 3929 deja
2108 3857 2274 3928 passe
2311 3869 2445 3911 sous
2479 3853 2694 3912 silence
2731 3852 2786 3911 le
2820 3869 3050 3913 seconrs

931 3942 1167 4000 accon-de
1206 3945 1241 4001 a
1279 3943 1534 4018 l'eveque
1569 3959 1673 4017 par
1698 3944 1944 4018 Thierry
1973 3942 2235 4002 d'Alsaca
2267 3944 2471 4017 (comp.
2507 3942 2633 4018 plus
2661 3943 2804 4001 haut
2834 3962 2890 4018 p.
2921 3942 3048 4013 232,

933 4032 1084 4103 noto)
1105 4074 1120 4103 ,
1160 4047 1233 4088 ne
1277 4029 1365 4088 dit
1404 4020 1531 4089 rien
1572 4047 1691 4090 non
1731 4032 1861 4109 plns
1904 4032 1979 4091 ici
2021 4031 2091 4091 de
2132 4031 2519 4105 l'importante
2559 4032 2894 4091 concession
2939 4047 3051 4106 que

932 4118 1169 4179 celui-ci
1200 4122 1400 4196 exiges
1425 4122 1590 4194 apres
1618 4122 1675 4178 la
1701 4122 1940 4181 victoire
1954 4165 1971 4194 ‚
2013 4122 2446 4196 prohablement
2481 4138 2558 4180 en
2595 4130 2758 4180 vertn
2788 4120 2889 4180 des
2916 4137 3047 4194 pro-

932 4224 1154 4268 messes
1176 4211 1276 4285 qui
1296 4211 1380 4269 lui
1399 4209 1631 4269 avaient
1648 4209 1739 4268 ete
1760 4210 1926 4269 faites
1958 4213 2161 4285 (comp.
2193 4211 2321 4285 plus
2351 4211 2494 4268 haut
2522 4228 2576 4285 p.
2610 4210 2735 4284 222,
2768 4211 2942 4283 note).
2973 4209 3050 4266 Ge

936 4295 1111 4356 detail
1147 4300 1297 4358 n’est
1335 4316 1437 4374 pas
1473 4299 1812 4358 mentionne
1853 4316 1972 4358 non
2013 4300 2142 4374 plus
2179 4316 2280 4373 par
2313 4301 2587 4367 Lambert
2621 4299 2693 4357 de
2731 4296 3047 4357 Watrelos.
