3558 5493
920 577 1006 628 186
1865 579 2072 628 Gsss‘rA

1352 711 1770 809 perungitur
1804 710 2138 785 unctione

1350 825 1484 899 olei
1523 825 1819 899 leticiae.

963 945 1054 1015 89
1447 942 1576 1030 Qui
1610 942 1861 1016 melius
1895 951 1969 1016 et
2002 942 2250 1017 melius

1351 1057 1612 1131 sanctis
1645 1057 2035 1132 ascendens
2070 1057 2436 1157 gradihus,

1349 1173 1607 1247 divinis
1641 1172 2118 1248 sanctionibus

1348 1289 1691 1364 formatus
1726 1299 1838 1364 est
1873 1289 2276 1387 episcopus.

961 1409 1054 1478 90
1447 1404 1572 1481 Cui
1608 1427 1903 1478 reverso
1933 1404 2392 1501 postmodum

1348 1520 1440 1594 ad
1477 1520 1658 1593 hanc
1693 1518 1949 1594 urbem
1987 1523 2443 1596 cameracum

1348 1638 1888 1711 Cameracenses
1924 1635 2264 1735 gaudium

1345 1751 1839 1826 concelebrant
1873 1741 2288 1828 alterutrum
2301 1812 2316 1827 .

959 1872 1037 1942 9⁴
1444 1868 1635 1942 Fecit
1671 1868 1910 1966 presul
1947 1878 2391 1943 sacrosancta

1345 1982 1619 2079 primae
1649 1981 1907 2055 missae
1942 1981 2358 2080 sollempnia

1346 2098 1417 2171 in
1455 2105 1660 2170 nocte
1697 2096 2157 2171 celeberrima

1346 2211 1604 2287 Christi
1644 2212 1893 2288 natalis
1928 2213 2246 2310 propria.

957 2331 1053 2404 92
1444 2327 1687 2402 Clerus
1721 2338 1898 2401 'vero
1933 2336 2005 2401 et
2039 2327 2348 2426 populus

1335 2439 1667 2541 jocundis
1702 2449 1875 2515 eunt
1911 2441 2245 2516 cordibus

1343 2557 1644 2632 osculari
1680 2582 1933 2632 manus
1968 2558 2119 2658 ejus

1345 2674 1529 2750 datis
1565 2673 2064 2749 oblationibus.

955 2794 1049 2862 93
1441 2793 1603 2863 Mox
1639 2789 1898 2865 Christi
1933 2790 2247 2865 natalitio

1342 2905 1744 2980 exultanter
1781 2906 2126 3004 preterito

1341 3021 1468 3095 ivit
1504 3021 1746 3119 presul
1784 3021 1856 3094 in
1891 3020 2296 3097 Brabantho

1346 3162 1477 3213 suo
1512 3136 1584 3210 in
1622 3135 2052 3234 episcopio¹.

958 3251 1051 3325 94
1444 3251 1647 3326 Illum
1681 3250 2180 3342 archidiaconi,

1343 3367 1638 3443 abbates
1672 3376 1884 3465 atque
1920 3367 2182 3457 clerici,

1342 3484 1625 3581 utrique
1660 3483 2078 3559 nobilissimi

1344 3606 1490 3672 tam
1527 3599 1785 3673 milites
1820 3624 2036 3697 quam
2066 3600 2309 3673 rustici

959 3719 1051 3788 95
1441 3715 1966 3814 congaudentes
2001 3714 2379 3812 recipiunt,

1347 3840 1776 3904 venerantur
1813 3839 1885 3904 et
1920 3831 2219 3930 diligunt

914 4059 964 4116 lc
991 4058 1171 4116 douze
1199 4057 1301 4116 des
1338 4057 1603 4117 calendas
1639 4060 1710 4117 de
1745 4060 1974 4135 janvier
2001 4059 2222 4132 (Lamh.
2263 4059 2529 4131 Watrel„
2568 4077 2625 4134 p.
2661 4060 2814 4133 514),
2853 4060 3018 4118 c'cst·

905 4148 1098 4205 a-dire
1120 4147 1175 4205 le
1193 4148 1254 4205 2¹
1282 4147 1614 4222 decembre3
1644 4148 1794 4207 mais
1822 4166 1899 4207 on
1926 4150 2041 4206 sait
2065 4148 2331 4207 combien
2359 4147 2654 4221 l'6change
2672 4147 2775 4207 des
2792 4148 3020 4207 chiffl-cs

908 4237 1028 4294 XII
1057 4245 1118 4296 et
1144 4236 1296 4294 XIII
1323 4244 1413 4293 est
1437 4236 1703 4312 frequent
1728 4238 1872 4296 dans
1900 4238 1985 4296 les
2011 4238 2248 4296 anciens
2276 4239 2641 4295 manuscrits.

984 4328 1032 4382 ¹.
1077 4325 1278 4400 Comp.
1312 4329 1718 4397 Introduction,
1749 4343 1910 4384 num.
1949 4326 2038 4398 36,
2068 4326 2154 4385 37.
