3558 5493
892 579 976 630 1‘2‘2
1839 572 2043 624 strA

983 716 1062 782 9.
1121 709 1515 807 Episcopus
1565 707 1753 780 enim
1808 718 1880 782 et
1929 710 2500 795 cameracenses,
2561 671 2696 784 hoc
2744 712 3004 788 malum

885 826 1182 903 ulterius
1213 825 1402 899 ferre
1432 847 1575 898 non
1601 823 1940 913 valenteS‚
1986 831 2338 923 quotquot
2372 835 2673 923 possunt
2708 852 3006 927 congre·
3142 830 3149 841 ‘

883 952 1052 1044 gant
1090 941 1382 1029 milites,
1427 939 1721 1039 opidum
1767 939 1858 1015 de
1893 940 2333 1015 Crevecuerh
2378 950 2451 1015 et
2495 944 3013 1018 contumaciam

884 1056 1238 1133 castellani
1266 1056 1739 1130 exterminare
1766 1054 2157 1154 cupientes
2193 1058 2614 1157 congregati
2640 1084 2815 1134 vero
2839 1084 3006 1134 con-

881 1181 1177 1248 currunt
1202 1171 1516 1269 primum
1539 1170 1732 1269 apud
1758 1170 2158 1270 Osgiacum‚
2202 1171 2323 1246 ubi
2352 1173 2769 1248 castellanus
2805 1198 3007 1249 secu-

883 1290 1033 1364 rius
1069 1287 1400 1362 manebat
1434 1296 1507 1361 et
1542 1287 1614 1360 in
1650 1286 1850 1384 cujus
1876 1286 2264 1360 munimine
2293 1286 2548 1362 fortius
2575 1288 3000 1363 confidebat.

884 1405 1134 1484 Villam
1171 1413 1408 1478 autem
1442 1410 1669 1477 totam
1695 1411 1898 1476 extra
1925 1402 2336 1476 firmitatem
2368 1405 2702 1505 frangunt
2737 1415 2810 1480 et
2839 1431 3008 1479 con-

884 1528 1202 1596 cremant
1217 1578 1235 1609 ,
1286 1519 1600 1617 aliasque
1637 1518 1843 1594 villas
1877 1518 2250 1593 devastant
2285 1544 2468 1617 quae
2501 1521 2688 1595 circa
2734 1521 3009 1596 fuerant

884 1646 958 1711 et
992 1635 1084 1710 ad
1119 1660 1284 1710 eum
1326 1634 1804 1734 pertinebant.
1863 1640 1941 1710 In
1988 1635 2298 1710 crastino
2342 1636 2532 1733 apud
2569 1639 3008 1713 Crevecuerh

884 1752 1265 1851 episcopus
1312 1760 1385 1826 et
1432 1755 1970 1828 cameracenses
2024 1778 2164 1827 una
2216 1753 2680 1841 conveniunt,
2742 1754 3008 1829 assultu

884 1875 1232 1966 appetunt
1265 1866 1645 1965 villamque
1683 1891 1907 1963 usque
1943 1866 2032 1941 ad
2068 1867 2480 1940 interiorem
2507 1866 2701 1965 opidi
2733 1867 3010 1943 fortitu-

883 1983 1125 2058 dinem
1160 1981 1482 2080 capiunt,
1534 1980 1926 2080 predantur
1963 1989 2035 2055 et
2070 1980 2521 2056 comburunt.
2579 1983 3009 2058 castellanus

883 2097 1268 2172 novissime
1320 2120 1840 2196 recognoscens
1892 2096 2026 2170 sibi
2077 2096 2267 2195 juste
2317 2096 2489 2171 haec
2542 2098 2782 2171 omnia
2829 2098 3010 2172 acci-

884 2212 1110 2302 disse,
1164 2237 1252 2286 eo
1287 2211 1481 2311 quod
1518 2217 1665 2286 Deo
1700 2220 1774 2285 et
1810 2219 2008 2286 recto
2045 2210 2334 2285 domino
2370 2236 2502 2286 suo
2538 2213 2898 2287 restiterat
2938 2222 3009 2287 et

884 2328 1331 2404 solummodo
1391 2328 1748 2402 aecclesiis
1800 2327 1925 2402 Dei
1978 2336 2190 2425 atque
2241 2327 2675 2425 pauperibus
2726 2327 3011 2403 malefe-

882 2455 1102 2533 cerat,
1143 2444 1351 2518 valde
1376 2443 1704 2543 penitens
1735 2466 1990 2541 pacem
2022 2452 2094 2517 et
2122 2443 2573 2518 concordiam
2603 2469 2735 2541 per
2763 2444 3010 2519 fideles

884 2559 1191 2659 quesivit
1226 2569 1438 2658 atque
1470 2559 1790 2657 pontifici
1818 2558 2057 2658 ligiam
2077 2559 2491 2635 fidelitatem
2517 2569 2591 2634 et
2614 2560 3009 2636 hominium

882 2678 1112 2752 facere
1142 2675 1399 2752 obtulit
1425 2684 1497 2751 et
1523 2664 1878 2775 promisit,
1922 2675 1982 2751 si
2010 2673 2327 2775 qualibet
2351 2682 2504 2751 arte
2532 2684 2774 2774 posset
2800 2676 3008 2777 hujus

884 2793 989 2868 rei
1041 2792 1392 2868 licentiam
1441 2793 1827 2892 impetrare
1883 2818 1927 2866 a
1978 2791 2269 2867 domino
2321 2817 2452 2867 suo
2501 2793 2764 2867 Karolo
2807 2793 3009 2867 Flan-

785 2939 792 2950 ·
884 2910 1201 2985 driarum
1255 2909 1541 2984 comite.
1601 2914 1746 2984 Hec
1800 2907 2016 3007 igitur
2068 2907 2422 2983 castellani
2478 2907 2862 3007 promioeio
2916 2907 3007 2982 ad

884 3050 1134 3125 pacem
1166 3025 1365 3101 flexit
1403 3024 1844 3124 episcopum,
1885 3024 2232 3123 veniaque
2268 3049 2601 3099 concessa
2637 3025 2740 3100 sic
2773 3024 3009 3098 absol-

883 3142 988 3217 vit
1023 3167 1189 3218 eum
1226 3142 1420 3240 quod
1458 3140 1753 3240 opidum
1783 3140 1872 3216 de
1897 3140 2342 3217 Crevecuerh
2370 3141 2441 3215 in
2466 3148 2652 3216 statu
2682 3149 2756 3215 et
2781 3139 3012 3214 forma

884 3285 1024 3357 qua
1060 3259 1223 3332 villa
1267 3257 1471 3357 prius
1514 3256 1849 3332 extiterat
1891 3256 2238 3331 relocaret
2280 3281 2412 3331 nec
2455 3255 2625 3332 illud
2668 3256 3007 3355 deinceps

881 3374 1034 3448 sine
1098 3397 1394 3450 assensu
1457 3372 1772 3470 episcopi
1847 3378 1921 3445 et
1982 3372 2596 3446 cameracensium
2667 3396 2804 3470 pro
2873 3370 3004 3445 alia

882 3488 1298 3564 necessitate
1333 3486 1785 3577 reformaret,
1822 3486 2273 3586 juratamque
2300 3485 2678 3561 amicitiam
2707 3486 3005 3561 firmiter

882 3613 1361 3679 conservaret.
1406 3602 1608 3695 Quod
1643 3611 1718 3678 et
1754 3602 2015 3678 factum
2052 3611 2187 3677 est.

938 3856 1071 3924 10.
1111 3857 1237 3923 De
1270 3857 1623 3939 quodam
1652 3856 1974 3923 homine
2000 3853 2323 3922 nomine
2355 3854 2951 3922 wel-imboldo.

987 4082 1013 4151 l
1422 4079 1500 4148 In
1536 4073 1674 4147 isto
1712 4082 1960 4149 nostro
1997 4071 2373 4147 dictamine

1326 4191 1488 4265 volo
1523 4189 1616 4264 de
1650 4190 1963 4289 quodam
2001 4188 2310 4275 homine,

1329 4306 1419 4381 de
1456 4304 1940 4384 Werimbaldo
1975 4305 2255 4379 nomine
