3558 5493
934 476 997 526 80
1889 475 2093 527 GESTA

1373 633 1505 706 per
1540 608 1677 683 hoo
1710 607 1978 684 fraudis
2014 609 2431 686 dominium.

931 724 1074 797 460
1468 729 1617 799 Hoc
1653 749 1796 799 non
1833 731 1942 799 est
1977 750 2119 823 pax
2154 750 2286 803 neo
2320 728 2629 826 requies,

1368 838 1495 914 sed
1533 849 1643 915 est
1678 839 1886 915 dolor
1921 848 1993 914 et
2028 841 2265 917 rabies
2306 868 2322 915 :

1365 980 1545 1054 quae
1582 955 1748 1030 fecit
1783 956 1918 1030 hoc
1952 957 2045 1031 sit
2081 957 2308 1032 milies

1364 1070 1734 1146 maledicta
1770 1073 2175 1173 progenies.

925 1186 1054 1260 461
1462 1186 1644 1278 Quid
1681 1188 2065 1264 Galoherus
2099 1189 2479 1288 posteriu5‚

1362 1304 1474 1379 vir
1511 1305 1792 1402 sapiens
1828 1312 1900 1379 et
1932 1306 2306 1403 providus,

1362 1443 1498 1518 pro
1534 1421 1642 1495 his
1678 1420 1846 1496 fecit
1880 1420 2247 1522 exlegibus

1359 1536 1505 1611 suis
1541 1561 1898 1635 apponam
1934 1537 2233 1613 actibus,

920 1651 1066 1725 462
1457 1653 1602 1728 Sub
1640 1677 1868 1750 parvo
1903 1652 2092 1733 enim
2130 1662 2455 1753 tempore

1356 1793 1489 1866 per
1523 1792 1769 1868 regem
1805 1767 2257 1844 Alemanniae

1359 1908 1488 1981 per
1521 1883 1996 1980 comitemque
2031 1883 2394 1960 Flandriae

1356 1998 1819 2073 Godefridum
1856 1999 2176 2097 penitere

1353 2139 1524 2190 suae
1560 2114 1725 2190 fecit
1759 2115 2106 2191 maliciae.

915 2229 1058 2302 463
1454 2234 1613 2327 Ipse
1649 2229 1871 2305 enim¹
1910 2230 2336 2306 Godefridus

1351 2346 1713 2420 consultus
1750 2372 1792 2420 a
1826 2345 2156 2422 fidelibus

1349 2486 1439 2536 ne
1473 2461 1798 2536 obviaret
1834 2461 2139 2560 amplius

1347 2575 1520 2650 viris
1554 2576 2042 2674 imperialibus

907 2688 1053 2762 464
1444 2689 1864 2766 Galcherum
1901 2691 2050 2766 sine
2089 2693 2334 2791 requie

1348 2805 1689 2881 nitentem
1724 2832 1853 2882 eos
1890 2808 2128 2883 ledere

1344 2947 1654 3020 quorum
1688 2948 1917 3022 pravo
1954 2923 2349 2997 hortamine

1342 3038 1624 3138 fugarat
1657 3063 1823 3114 eum
1859 3049 2131 3114 temere

904 3154 1048 3227 465
1442 3154 1573 3229 hac
1609 3155 1681 3229 in
1718 3155 1898 3230 urbe
1934 3155 2256 3254 reposuit

1342 3278 1415 3343 et
1452 3270 1522 3343 in
1562 3269 1781 3345 domo
1817 3269 2128 3345 restituit
2173 3297 2189 3343 ε

1341 3385 1576 3460 clerus
1611 3393 1684 3459 et
1718 3384 1923 3485 plebs
1961 3385 2124 3459 hino
2160 3383 2410 3472 doluit,

1335 3509 1832 3596 verumtamen
1870 3526 2012 3576 non
2052 3501 2324 3576 abnuit.

925 3800 932 3806 ,
1023 3725 1255 3807 Quod
1294 3726 1746 3793 manasses
1795 3727 2116 3794 relictis
2162 3724 2899 3793 cameranensibus

1082 3832 1453 3913 pontifex
1481 3834 1960 3901 suessionis
1991 3850 2047 3900 a.
2073 3850 2294 3915 papa.
2321 3833 2435 3901 sit
2465 3832 2829 3900 effoetus.

897 4042 1041 4115 466
1435 4042 1816 4120 Galoherus
1855 4044 1975 4119 illo
2011 4051 2339 4142 tempore

967 4236 1016 4291 1.
1058 4238 1227 4294 enim.
1261 4235 1421 4294 Dans
1452 4234 1506 4293 le
1538 4251 1648 4294 ms.
1680 4236 1989 4294 au-dessus
2021 4235 2093 4293 de
2123 4235 2179 4292 la
2206 4234 2381 4308 ligne.
