3558 5493
912 596 1006 651 22⁰
1864 597 2073 648 Gsssn

1353 728 1541 804 unde
1576 728 1813 803 redire
1851 728 2153 819 dubitat,

917 844 1060 919 326
1451 869 1540 918 eo
1575 843 1771 943 quod
1807 845 2134 943 Symonis
2166 845 2423 922 domus

1350 959 1704 1034 confracta
1738 969 1850 1035 est
1883 986 1923 1033 a
1959 960 2235 1036 civibus

1351 1073 1444 1149 de
1477 1099 1654 1173 pace
1692 1099 1834 1148 non
1871 1075 2281 1150 curantibus

1352 1214 1567 1288 quam
1605 1189 1951 1288 querebat
1980 1190 2383 1289 episcopus.

920 1304 1064 1378 327
1451 1309 1540 1379 Et
1575 1304 1741 1402 quia
1774 1330 1918 1403 pax
1955 1305 2298 1380 refutatur

1353 1428 1568 1516 atque
1601 1419 1845 1519 presul
1882 1418 2295 1518 despicitur,

1354 1533 1538 1609 bene
1573 1534 1822 1608 fecisse
1859 1533 2119 1610 dicitur

1357 1648 1552 1748 quod
1588 1649 1748 1723 urbi
1786 1675 1927 1724 non
1966 1650 2394 1750 regreditur.

920 1766 1059 1841 328
1451 1771 1630 1839 Nam
1665 1765 1986 1854 abbates,
2028 1766 2225 1864 pacis
2259 1766 2423 1856 viri,

1354 1889 1428 1955 et
1463 1880 1756 1979 quidam
1793 1881 1987 1956 cives
2022 1882 2249 1956 intimi

1353 1994 1600 2069 fideles
1631 2004 1705 2068 et
1737 1995 2048 2069 benivoli

1347 2111 1497 2211 jam
1532 2110 2037 2186 consuluerant
2070 2111 2135 2185 ei

1357 2225 1544 2300 inter
1578 2252 1703 2300 eos
1738 2252 1883 2300 non
1921 2226 2215 2315 morari,

922 2343 1065 2418 329
1457 2340 1584 2416 sed
1621 2340 1713 2415 ab
1749 2341 1854 2415 eis
1889 2366 1968 2415 se
2003 2342 2228 2415 vitare

1355 2465 1430 2531 et
1466 2456 1557 2531 ad
1591 2464 1878 2554 tempus
1912 2456 2307 2548 discedere,

1359 2572 1455 2647 ibi
1491 2596 1668 2646 vero
1701 2571 2019 2646 habitare

1252 2783 1258 2791 ι
1354 2686 1477 2764 ubi
1510 2694 1667 2762 tuto
1703 2686 1795 2761 sit
1829 2711 2161 2788 corpore.

922 2807 1063 2879 330
1453 2802 1636 2879 Talis
1671 2804 1865 2878 enim
1900 2813 2145 2905 posset
2180 2804 2396 2879 homo

1355 2920 1654 2995 interfici
1689 2920 2001 2996 fortunio
2045 2948 2061 2995 ε

1357 3033 1547 3110 unde
1582 3034 1736 3132 ipse
1773 3036 1845 3109 in
1882 3036 2198 3110 maximo

1357 3160 1756 3225 remaneret
1792 3151 2133 3249 periculo.

1137 3385 1366 3468 Quod
1400 3386 1682 3467 presul
1710 3384 1830 3451 ad
1868 3384 2296 3452 Thumlum
2334 3384 2817 3469 confugerit.

925 3607 1052 3679 331
1460 3602 1889 3701 Relinquens
1924 3627 2097 3703 ergo
2133 3604 2508 3702 proprium

1357 3717 1568 3818 hujus
1604 3718 1795 3793 sedis
1829 3718 2215 3817 hospitium

1360 3859 1492 3933 per
1528 3843 1896 3933 acceptum
1931 3835 2302 3910 consilium

1358 3950 1759 4050 hospitatur
1795 3950 1886 4025 ad
1922 3950 2332 4027 Thumium¹
2382 3978 2397 4024 :

996 4164 1046 4220 1.
1088 4162 1361 4221 Lambert
1377 4163 1450 4221 de
1464 4162 1764 4221 Watrelos
1795 4163 1882 4222 dit
1909 4181 2021 4238 que
2046 4164 2303 4240 l'eveque
2332 4181 2395 4223 se
2423 4163 2600 4223 retira
2619 4164 2655 4221 a
2673 4163 2815 4238 Oisy
2837 4168 2913 4239 (p.
2937 4164 3038 4222 514

926 4252 1124 4324 extr.);
1155 4268 1220 4309 ce
1248 4251 1349 4325 qui
1376 4258 1465 4309 est
1491 4268 1603 4325 peu
1630 4251 1922 4326 probable,
1954 4252 2200 4327 puisque
2218 4252 2364 4328 Oisy
2382 4251 2742 4327 appartenait
2760 4251 2796 4309 a
2813 4252 3038 4323 Simon,

925 4339 1118 4397 tendis
1146 4354 1259 4414 que
1285 4329 1755 4414 Thau-l'ssveque
1782 4340 1940 4398 avait
1966 4339 2056 4398 ete
2084 4341 2368 4399 construit
2394 4357 2496 4416 par
2523 4339 2780 4413 Niconis,
2809 4347 2870 4397 et
2895 4355 3042 4397 nous
