3558 5493
1003 572 1065 623 56
1963 565 2165 617 omn

1002 703 1145 780 324
1540 702 1630 775 ad
1668 710 1859 774 tuum
1891 702 2389 798 mayisterium,

1439 827 1633 890 tuum
1668 839 1962 914 querens
1999 816 2289 913 officium
2300 839 2336 901 ,·

1437 934 1559 1008 sed
1597 936 1662 1006 si
1697 957 1834 1006 non
1872 931 2078 1006 habes
2115 932 2446 1019 divinum,

1437 1049 1527 1122 ad
1564 1072 1688 1122 nos
1722 1072 1860 1122 non
1897 1071 2066 1145 aya-5
2103 1047 2424 1123 reditum.

998 1170 1139 1244 325
1534 1163 1736 1253 Quod
1773 1187 1939 1237 eum
1975 1162 2174 1238 audit
2207 1161 2611 1261 episeopus,

1434 1280 1772 1355 exhorret
1807 1304 1966 1354 esse
2003 1277 2306 1353 traditus

1431 1397 1772 1494 timetque
1809 1395 1991 1470 mori
2030 1394 2311 1494 penitus

1432 1536 1568 1610 pro
1606 1496 1927 1586 omnium
1958 1508 2412 1585 elamoribus.

997 1628 1138 1702 326
1528 1628 1752 1702 Timet
1788 1636 1862 1702 et
1895 1652 2039 1701 non
2075 1625 2456 1712 immerit0‚

1433 1766 1595 1817 nam
1632 1742 1723 1817 de
1762 1743 1880 1816 illo
1918 1739 2367 1816 solummodo

1430 1883 1574 1932 non
1611 1867 1722 1931 est
1756 1857 1938 1931 faeta
1978 1857 2266 1931 traditio

1428 1973 1555 2048 sed
1594 1974 1965 2072 multiplex
2002 1971 2340 2046 venditio.

992 2092 1131 2166 327
1523 2087 2096 2186 Probaveratque
2132 2087 2395 2174 omnia,

1424 2203 1717 2301 probra,
1761 2203 1921 2278 lites
1958 2212 2032 2277 et
2068 2202 2232 2277 odia

1425 2327 1498 2391 et
1532 2320 1713 2394 mala
1752 2345 2035 2418 queque
2070 2319 2289 2394 altera

1424 2442 1666 2532 preter
1700 2435 1955 2509 mortis
1994 2435 2329 2534 pericula.

987 2553 1128 2626 328
1525 2555 1672 2624 Hoc
1708 2562 1946 2625 autem
1985 2575 2074 2624 ne
2109 2559 2281 2626 tune
2316 2551 2520 2624 fieret

1420 2665 1734 2741 inducias
1772 2677 2104 2767 precatus
2139 2676 2250 2742 est

1419 2783 1763 2879 querendi
1802 2782 1993 2880 quod
2032 2782 2353 2857 divinum
2387 2788 2524 2869 est,

1416 2906 1494 2971 ut
1529 2899 1645 2973 vel
1678 2899 1782 2972 sie
1818 2906 2128 2973 mortem
2161 2898 2462 2998 fugeret.

983 3015 1123 3089 329
1516 3014 1841 3088 Servavit
1875 3017 2062 3089 Deus
2096 3013 2457 3112 presulem

1416 3127 1538 3225 qui
1576 3129 1728 3203 vult
1763 3130 1999 3227 perire
2039 3130 2419 3217 neminem,

1414 3266 1579 3317 eum
1606 3244 1811 3343 juxta
1846 3244 2257 3342 petitionem

1415 3359 1865 3456 impetrasset
1900 3359 2276 3434 licentiam.

1091 3600 1217 3666 De
1252 3600 1757 3683 protectione
1794 3600 2179 3668 Galohort
2222 3603 2330 3669 ad
2364 3600 2964 3684 imperatorem.

976 3821 1116 3892 330
1507 3822 1670 3892 Mox
1707 3819 1888 3893 infra
1924 3820 2111 3896 diem
2148 3821 2449 3896 tercium

1410 3933 1591 4033 fugit
1624 3935 1867 4032 presul
1904 3936 1993 4011 ad
2031 3936 2400 4011 dominum

1409 4057 1482 4123 et
1518 4049 1608 4124 ad
1646 4075 1855 4126 suum
1893 4051 2313 4127 advocatum

1407 4165 1914 4263 imperatorem
1950 4168 2354 4242 Hem-icum.

974 4283 1099 4354 33⁴
1508 4287 1697 4372 Quae
1736 4282 1914 4369 faeta
1954 4291 2122 4358 sunt
2148 4283 2502 4358 renuntiat
