3558 5493
807 575 899 626 DE
927 575 1129 627 OBITU
1156 574 1436 638 Nlcoffl,
1470 572 1767 632 RJUSQUB
1794 573 2331 626 succssflsonnms.
2538 575 2631 628 ‘243

876 820 1000 886 De
1046 819 1299 890 Petro
1347 818 1928 902 cameracensi
1975 818 2268 886 electo.

1050 1078 1218 1150 Post
1251 1074 1440 1149 hunc
1471 1072 1923 1149 Flandrensis
1951 1074 2229 1150 comitis

955 1189 1175 1266 frater
1209 1196 1461 1266 Petrus
1496 1217 1537 1264 a
1574 1189 1846 1265 clericis

1052 1315 1164 1382 est
1198 1307 1464 1382 electus
1499 1305 1589 1380 ad
1628 1305 2037 1382 cathedram

954 1429 1028 1496 et
1063 1422 1448 1523 regendam
1482 1422 1924 1520 pro‘vinciam
1971 1450 1986 1494 ε

564 1540 659 1615 20
1054 1562 1185 1612 nec
1220 1547 1457 1612 tamen
1495 1538 1597 1611 sic
1632 1537 1967 1611 canonice

955 1650 1124 1749 quin
1164 1651 1324 1750 plus
1361 1651 1434 1725 in
1473 1651 1691 1725 fratre
1728 1651 1985 1726 comite

1051 1766 1370 1840 timendo
1407 1790 1609 1865 spem
1648 1766 2088 1866 deponerent

953 1906 1170 1979 quam
1202 1907 1384 1980 quae
1422 1890 1587 1955 sunt
1622 1882 1744 1956 Dei
1784 1893 2192 1980 quererent.

1051 1998 1330 2074 Electus
1366 2007 1604 2071 tamen
1627 1998 1911 2097 juvenis

565 2119 660 2192 25
956 2139 1121 2189 cum
1156 2123 1343 2188 esset
1381 2113 1609 2189 bonae
1647 2114 1907 2188 indolis

1052 2239 1295 2304 tenere
1330 2238 1577 2327 posset
1612 2227 1938 2304 ordinem

955 2345 1027 2420 ni
1066 2355 1229 2443 post
1267 2345 1589 2420 duxisset
1624 2343 2026 2445 conjugem.

1053 2460 1192 2535 Sed
1230 2461 1448 2534 frater
1482 2484 1723 2534 comes
1760 2461 2021 2534 sterilis

956 2601 1118 2651 cum
1158 2583 1346 2650 esset
1380 2576 1651 2673 absque
1688 2575 1955 2663 liberis,

570 2698 663 2769 30
1059 2718 1148 2767 ne
1185 2691 1560 2766 comitatus
1596 2691 1858 2767 viduus

958 2817 1244 2885 vacaret
1280 2809 1371 2882 ab
1409 2806 1819 2896 heredibus,

1053 2948 1380 3011 uxorem,
1427 2948 1565 2996 non
1604 2931 1685 2995 ut
1720 2922 1992 3012 debuit,

955 3039 1069 3115 his
1104 3063 1285 3140 quae
1323 3047 1488 3112 sunt
1523 3038 1645 3112 Dei
1685 3039 2001 3137 pretulit.

958 3156 1099 3231 Sed
1136 3156 1256 3253 qui
1297 3155 1535 3229 divina
1572 3154 1866 3254 negligit

570 3276 662 3346 35
959 3296 1101 3345 non
1140 3279 1332 3345 recte
1368 3270 1500 3345 sibi
1538 3271 1844 3344 consulit
1887 3297 1901 3342 z

961 3386 1156 3486 quod
1193 3387 1306 3461 hic
1342 3387 1673 3485 exemplo
1712 3386 1977 3461 docuit.

957 3504 1091 3595 Qui
1121 3503 1305 3578 infra
1341 3528 1606 3578 annum
1642 3503 1954 3601 perdidit

1058 3626 1134 3692 et
1169 3618 1388 3692 vitam
1425 3626 1496 3690 et
1532 3618 1941 3718 conjugium

958 3757 1094 3833 pro
1131 3759 1275 3832 quo
1313 3733 1597 3832 negavit
1632 3733 1968 3807 ciericum
2013 3760 2027 3806 :

568 3847 661 3923 40
1058 3875 1223 3924 nam
1259 3875 1456 3924 mors
1491 3874 1656 3923 eum
1694 3847 2040 3947 surripuit

959 3972 1031 4038 et
1068 3991 1234 4064 spes
1269 3966 1422 4064 ejus
1456 3965 1803 4039 evanuit¹.

524 4277 535 4283 -
592 4243 644 4298 1.
686 4240 779 4299 On
809 4245 1009 4298 trouve
1037 4254 1245 4298 encore
1273 4239 1416 4297 dans
1445 4239 1719 4297 Lambert
1744 4239 1817 4297 de
1848 4238 2140 4298 Watrelos
2171 4240 2245 4313 (p.
2284 4239 2539 4311 540-554)
2570 4238 2641 4295 de

521 4327 687 4401 longs
716 4328 920 4384 details
949 4344 1048 4384 sur
1075 4325 1158 4384 les
1191 4328 1328 4385 trois
1357 4329 1670 4403 premieres
1697 4329 1914 4387 annees
1941 4329 2014 4387 de
2042 4326 2544 4387 l'administmtion
2570 4326 2641 4384 de
