3558 5493
1177 1069 1353 1169 [GE
1372 1069 1583 1159 STA
1649 1065 2101 1157 ODONIS
2130 1054 2185 1153 ¹]

910 1591 1208 1673 Incipit
1243 1591 1345 1659 de
1382 1592 1672 1659 domno
1711 1591 1987 1687 odone
2025 1591 2441 1673 episcopo.

736 1811 809 1877 1.
863 1806 1207 1882 Defuncto
1264 1808 1745 1885 Suessionensi
1798 1807 2136 1906 episcopo
2150 1864 2171 1897 ,
2227 1807 2527 1883 Pascalis
2570 1817 2741 1882 tunc

630 1910 1057 2023 apostolicus
1078 1927 1496 2011 Manassem,
1523 1923 1941 2055 episcopum
1964 1923 2449 2000 Cameracensi
2477 1922 2741 1998 aeccle-

632 2039 778 2117 siae
827 2038 1277 2138 dispositum,
1326 2040 1396 2113 in
1443 2049 1804 2139 pastorem
1845 2039 1948 2116 eis
1991 2039 2364 2129 concessit,
2414 2064 2501 2114 eo
2548 2038 2741 2139 quod

632 2179 763 2230 nec
816 2158 1271 2232 cameracum
1313 2155 1581 2249 intrare
1637 2179 1771 2230 nec
1817 2154 2214 2231 commissis
2270 2154 2406 2230 sibi
2462 2160 2744 2254 poterat

632 2268 1003 2369 prodesse.
1064 2277 1243 2347 Ecce
1303 2270 1576 2347 restitui
1624 2277 1865 2369 potest
1919 2270 2297 2347 Galcherus
2352 2296 2369 2342 ε
2429 2293 2618 2358 ecce,
2683 2268 2744 2342 si

634 2384 935 2461 voluerit
967 2390 1179 2474 Deus,
1220 2394 1418 2484 patet
1450 2384 1647 2461 locus
1693 2394 1766 2462 et
1809 2384 2252 2483 oportunitas
2287 2383 2499 2459 datur
2533 2382 2745 2457 mise-

632 2500 836 2577 rendi
873 2500 1050 2601 ejus.
1092 2504 1540 2601 Quapropter
1563 2500 1798 2576 clerici
1833 2503 2370 2577 cameracenses
2387 2556 2406 2588 ,
2457 2498 2549 2574 de
2595 2498 2747 2599 ejus

621 2616 1075 2697 restitutione
1103 2641 1306 2715 spem
1333 2617 1699 2705 habentes,
1728 2616 1819 2691 ad
1847 2616 2453 2715 archiepiscopum
2476 2618 2749 2690 Manas-

637 2753 790 2806 sem
857 2730 1128 2807 vadunt
1146 2789 1164 2820 ,
1252 2731 1814 2808 misericordiam
1883 2739 2192 2829 querunt
2222 2759 2241 2819 ;
2320 2729 2445 2805 sed
2514 2728 2745 2804 adhuc

638 2847 930 2945 antiquo
965 2847 1371 2947 prevalente
1396 2848 1565 2923 odio
1597 2848 1982 2946 impetrare
2011 2872 2152 2920 non
2190 2854 2515 2945 possunt.
2558 2848 2748 2937 Quos

638 2961 1209 3060 archiepiscopus
1239 2962 1353 3036 ille
1390 2962 1562 3037 dum
1596 2962 1790 3037 videt
1828 2971 1990 3037 ante
2032 2986 2136 3050 se,
2179 2959 2313 3036 sub
2350 2958 2749 3035 obedientia

637 3086 711 3153 et
754 3077 1194 3176 anathemate
1239 3086 1644 3151 commonet
1693 3084 1764 3152 et
1806 3077 1996 3177 cogit
2040 3085 2404 3175 pastorem
2453 3073 2741 3174 eligere.

639 3196 1140 3269 Verumtamen
1184 3191 1319 3289 ipsi
1362 3190 1631 3265 nullum
1673 3190 2071 3292 elegerunt,
2113 3190 2334 3264 immo
2382 3189 2543 3289 eligi
2578 3212 2751 3264 con-

639 3306 1111 3395 tradixerunt,
1170 3306 1602 3406 appellantes
1651 3311 1952 3382 Romam
2002 3313 2301 3405 propter
2350 3304 2751 3380 evitandam

641 3421 1188 3498 inobedientiam
1224 3431 1297 3497 et
1317 3430 1617 3526 propter
1651 3421 2049 3498 habendam
2080 3420 2272 3519 apud
2295 3421 2753 3510 cameracum

631 3535 1152 3638 «reversionem.
1200 3537 1408 3614 Cives
1444 3537 1667 3626 enim,
1718 3538 1841 3636 qui
1885 3561 2022 3635 pro
2057 3535 2543 3611 conservanda
2576 3535 2753 3610 fide-

643 3652 834 3726 litate
857 3653 1041 3728 filios
1069 3678 1238 3729 suos
1258 3652 1698 3728 tradiderant
1720 3653 1973 3741 cesari,
2001 3652 2134 3727 illis
2160 3676 2324 3728 cum
2350 3652 2753 3752 juramento

643 3767 1227 3844 denuntiaverant
1246 3826 1266 3858 ,
1318 3769 1378 3842 si
1413 3769 1712 3842 alterum
1757 3791 1972 3865 quam
2014 3768 2434 3844 Galcherum
2477 3768 2751 3866 episco-

645 3907 821 3984 pum
853 3884 1190 3974 facerent,
1244 3887 1696 3960 cameracum
1743 3887 1889 3958 non
1936 3884 2223 3959 reverti.
2274 3884 2442 3961 Ideo
2484 3883 2754 3959 reversi

645 4007 813 4075 sunt
826 4056 846 4089 ,
898 4000 1027 4075 sed
1060 4000 1570 4089 inobedientes,
1605 4007 1679 4075 et
1704 3999 2018 4099 quidam,
2052 4000 2176 4099 qui
2207 4000 2446 4078 Remis
2475 4024 2757 4075 reman-

722 4216 774 4272 1.
813 4215 1013 4290 Gomp.
1042 4217 1451 4287 Introduction,
1486 4231 1648 4275 num.
1683 4217 1779 4289 14,
1812 4223 1871 4274 et
1898 4215 1983 4274 les
2010 4221 2176 4275 notes
2205 4215 2242 4273 a
2266 4213 2324 4271 la
2351 4212 2464 4272 Vie
2493 4212 2565 4270 de
2595 4212 2757 4270 Gau-

653 4302 808 4378 cher,
839 4311 939 4363 str.
972 4303 1237 4364 too-599.
