3558 5493
1011 572 1070 624 34
1970 572 2176 625 Gnsn

1449 706 1621 803 quin
1657 705 1871 780 vadat
1904 706 1994 780 ad
2033 705 2408 781 concilium

1449 830 1527 895 ut
1562 830 1859 897 ventum
1894 831 2003 897 est
2038 823 2129 898 ad
2166 823 2578 898 terminum.

1011 939 1151 1009 ⁴85
1544 940 1765 1026 Quem
1802 938 2056 1013 videns
2092 939 2525 1038 apostolicus

1446 1055 1782 1152 suscepit,
1823 1063 1903 1130 ut
1939 1055 2428 1153 probavimus,

1445 1168 1821 1246 simultatis
1856 1170 2306 1270 amplexibus

1442 1291 1517 1358 et
1552 1286 1812 1359 osculis
1844 1285 2231 1361 fallacibus·

1008 1399 1149 1470 186
1541 1402 1716 1473 Nam
1752 1400 2171 1479 Lambertus
2205 1400 2529 1499 ypocrita

1445 1523 1638 1589 retro
1676 1514 1766 1589 ad
1806 1516 2001 1592 illum
2033 1526 2330 1591 venerat
2373 1543 2389 1590 ε

1444 1631 1557 1705 eui
1592 1655 1854 1707 munus
1891 1632 2276 1723 obtulerat,

1445 1772 1658 1821 orans
1695 1772 1785 1822 ne
1821 1748 2059 1846 ipsum
2095 1748 2445 1824 destruat.

1008 1865 1148 1935 187
1539 1863 1848 1939 Attraxit
1881 1888 2145 1963 papam
2178 1863 2434 1939 litteris

1443 1978 1824 2077 verbisque
1860 1978 2315 2076 deceptoriiS,

1443 2093 1571 2168 sed
1608 2095 1770 2193 plus
1806 2094 2041 2169 allexit
2082 2095 2329 2170 loculis

1444 2212 1858 2286 muneribus
1897 2212 2351 2311 plenissimis,

1006 2330 1147 2403 188
1540 2334 1956 2428 Temptatur
1991 2338 2230 2403 tamen
2267 2328 2511 2428 sepius

1443 2444 1689 2519 domni
1726 2445 2045 2520 Galcheri
2083 2445 2361 2520 animus

1444 2561 1502 2635 si
1540 2561 1710 2635 dare
1746 2562 1960 2637 vellet
1993 2562 2298 2661 amplius

1443 2677 1913 2754 Lambertinis
1949 2678 2389 2755 muneribus.

1007 2798 1147 2868 189
1542 2799 1917 2870 Trecentas
1954 2819 2230 2870 mareas
2262 2794 2537 2895 argenti

1442 2909 1768 2986 Urbanus
1805 2909 1958 2985 dari
1996 2910 2201 3010 petiit
2247 2938 2262 2983 ε

1445 3051 1622 3124 quas
1653 3025 1897 3125 presul
1933 3027 2128 3124 quod
2166 3051 2309 3100 non
2340 3024 2613 3114 tribuit,

1431 3139 1551 3240 jus
1586 3141 1850 3215 habere
1887 3166 2028 3216 non
2069 3142 2358 3241 potuit¹.

1006 3256 1148 3326 190
1541 3259 1717 3332 Cum
1753 3256 1943 3337 enim
1982 3256 2170 3354 cepit
2203 3258 2357 3331 fieri

1442 3371 1515 3444 in
1551 3381 1939 3471 conspeetu
1977 3371 2250 3446 concilii

1441 3485 1708 3561 elamor
1745 3485 2407 3584 Galeheri'presulis

1441 3600 1532 3675 de
1570 3601 1923 3676 Lamberti
1959 3601 2257 3702 injuriiS,

1006 3717 1133 3788 191
1544 3726 1617 3792 et
1652 3741 1816 3792 eum
1854 3717 1984 3791 fuit
2019 3716 2552 3816 promulgatum

1444 3831 1637 3930 quod
1674 3841 1924 3908 eontra
1952 3832 2114 3932 jura
2150 3857 2504 3910 canonum

1076 4052 1126 4107 1.
1166 4050 1219 4108 Il
1246 4057 1338 4109 est
1365 4053 1619 4125 supet-flu
1646 4053 1718 4111 de
1743 4053 1961 4113 refutet·
1996 4063 2147 4113 cette
2184 4054 2422 4113 ridicule
2463 4054 2749 4114 calumnie
2782 4053 2819 4110 ἐι
2852 4052 3122 4111 l’adresse

1001 4136 1080 4193 du
1119 4154 1265 4212 pape
1293 4138 1515 4198 Urbain
1551 4141 1640 4215 H,
1684 4142 1784 4217 qui
1826 4143 2099 4201 continua
2140 4160 2279 4201 avec
2319 4150 2449 4201 tant
2488 4142 2561 4200 de
2602 4142 2844 4216 vigueur
2881 4141 2938 4199 la
2975 4140 3121 4198 lutte

1001 4227 1320 4301 entreprise
1359 4244 1462 4301 par
1499 4246 1590 4287 ses
1629 4230 2094 4305 predecesseurs‚
2138 4240 2197 4290 et
2234 4248 2306 4289 en
2351 4231 2683 4306 particulier
2723 4248 2828 4305 par
2865 4230 2924 4288 S.
2970 4229 3122 4287 Gre-

1000 4316 1161 4389 goire
1190 4317 1324 4390 VII,
1359 4326 1555 4377 contre
1583 4320 1639 4376 la
1667 4321 1937 4379 simonie.
