3558 5493
1212 543 1218 560 ⁸
1236 483 1445 534 TABLB
1477 483 1573 532 DU
1604 484 1904 534 VOLUME.
2543 486 2638 537 ‘273

513 618 681 689 Quod
709 617 865 674 cives
893 615 1246 673 Galcherum
1276 630 1541 672 revocare
1567 614 1884 672 voluerunt
1924 658 2416 675 ......
2530 619 2634 675 143

512 707 602 764 ΒΘ
628 705 897 764 Johanne
926 702 1334 761 archidiacono
1358 741 2418 761 ............
2534 706 2636 762 144

512 795 602 852 ΒΘ
628 793 909 851 electione
936 790 1258 849 Burchardi
1286 790 1542 865 episcopi
1549 833 2416 851 ..........
2531 795 2636 852 145

513 882 748 952 Quanta
774 881 1015 939 adversa
1041 897 1246 954 passus
1275 881 1371 937 sit.
1452 922 2416 939 ...........
2531 884 2635 939 147

511 972 601 1029 ΒΘ
629 971 917 1045 legatione
944 970 1014 1027 ad
1044 986 1255 1043 papam
1283 968 1502 1026 directa
1554 1011 2418 1028 ..........
2531 971 2634 1028 148

513 1061 601 1117 ΒΘ
628 1057 981 1132 profectione
1008 1056 1330 1114 Burchardi
1359 1056 1432 1113 ad
1460 1072 1670 1130 papam
1729 1096 2409 1114 ........
2522 1059 2628 1115 150

511 1148 601 1205 ΒΘ
628 1147 863 1204 Conone
882 1144 1163 1202 cardinali
1171 1185 2416 1204 ..............
2534 1166 2631 1200 »υ

509 1236 600 1294 ΒΘ
625 1235 979 1310 proiectione
1004 1234 1329 1292 Burchardi
1355 1234 1428 1292 ad
1455 1234 1864 1308 imperatorem
1925 1276 2416 1291 ......
2531 1234 2636 1293 152

511 1324 601 1381 ΒΘ
628 1323 817 1381 reditu
846 1323 989 1397 ejus.
1070 1353 1084 1379 ι
1165 1364 2417 1381 ..............
2530 1325 2633 1383 154

510 1414 599 1470 ΒΘ
626 1412 882 1470 secunda
910 1410 1261 1486 proiectione
1288 1410 1360 1468 ad
1388 1427 1599 1485 papam
1641 1452 2417 1470 .........
2530 1412 2635 1469 155

512 1502 599 1559 ΒΘ
625 1500 1055 1558 consecratione
1083 1500 1210 1575 ejus
1254 1542 2410 1558 .............
2530 1521 2628 1555 n»

510 1589 599 1646 De
627 1589 819 1647 reditu
849 1589 974 1662 ejus
1066 1630 2412 1646 ...............
2528 1589 2631 1646 156

511 1677 599 1733 ΒΘ
626 1677 1059 1751 recuperatione
1088 1678 1374 1735 honorum
1401 1676 1678 1733 ecclesiae
1737 1719 2418 1735 ........
2532 1698 2630 1731 n»

509 1766 766 1839 Explicit
791 1765 863 1825 de
891 1766 1106 1824 domno
1134 1765 1470 1823 Burchardo
1493 1765 1763 1839 episcopo
1830 1807 2415 1821 .......
2531 1767 2631 1823 157

1274 1914 1481 1987 [Gauri
1518 1913 1876 1987 menmJ

508 2056 725 2130 Incipit
742 2055 814 2113 de
841 2057 1055 2114 domno
1082 2054 1395 2112 Liethardo
1423 2054 1694 2128 episcopo
1736 2093 2414 2112 ........
2529 2055 2633 2113 158

509 2146 598 2203 ΒΘ
624 2146 877 2203 adventu
907 2160 1087 2220 papae
1114 2144 1268 2218 apud
1315 2143 1696 2202 cameracum
1744 2150 1803 2200 et
1842 2142 1913 2200 de
1960 2142 2242 2200 electione
2283 2142 2418 2200 Lie-

688 2232 881 2290 thardi
887 2273 2412 2292 .................
2530 2252 2627 2286 n»

510 2323 598 2380 De
624 2321 1057 2380 consecratione
1081 2321 1209 2395 ejus
1236 2328 1298 2379 et
1323 2320 1394 2378 de
1423 2320 1631 2378 infami
1659 2321 1787 2394 ejus
1813 2320 2252 2378 conversatione
2306 2363 2319 2377 .
2399 2364 2415 2377 .
2528 2321 2635 2378 159

509 2411 677 2480 Quod
706 2410 997 2467 Gerardus
1025 2409 1490 2467 Malus-filiaster
1517 2427 1655 2467 eum
1684 2408 1966 2467 invaserit
2024 2449 2416 2466 .....
2530 2407 2635 2466 162

509 2499 597 2555 ΒΘ
624 2497 858 2556 Castelli
887 2498 1153 2571 captione
1164 2540 2414 2557 ..............
2530 2496 2633 2555 163

510 2587 597 2644 ΒΘ
623 2587 880 2660 Symone
907 2585 1218 2644 castellano
1261 2628 2414 2645 .............
2530 2586 2632 2643 164

508 2673 813 2743 Quomodo
838 2674 1186 2732 Liethardus
1212 2674 1516 2748 episcopus
1544 2675 1623 2731 sit
1649 2674 1946 2749 depositus
2019 2717 2415 2732 .....
2531 2674 2633 2731 167

1296 2828 1505 2899 [Ges-m
1541 2826 1831 2899 Nicoma]

506 2967 724 3043 Incipit
759 2968 830 3025 de
857 2968 1073 3025 domno
1099 2967 1383 3026 Nicholao
1413 2968 1815 3027 Cameracensi
1830 3011 2416 3025 .......
2532 2969 2634 3026 173

505 3057 595 3114 ΒΘ
621 3057 902 3115 electione
929 3057 1161 3116 Ottonis
1168 3099 2414 3116 ..............
2533 3078 2631 3111 »n

506 3146 595 3202 De
621 3145 902 3203 electione
928 3144 1199 3203 Nicholai
1225 3145 1483 3219 episcopi
1537 3187 2411 3204 ..........
2529 3146 2633 3201 175

508 3234 595 3291 ΒΘ
623 3233 946 3305 receptione
973 3233 1127 3307 apud
1158 3233 1535 3292 Cameracum
1543 3278 2412 3293 ..........
2531 3236 2633 3291 177

508 3321 597 3377 ΒΘ
624 3321 879 3378 Gerardo
906 3320 1063 3378 Malo
1093 3321 1335 3380 filiastro
1351 3365 2414 3380 ............
2529 3322 2633 3380 178

509 3410 597 3466 ΒΘ
624 3409 891 3482 captione
918 3411 1045 3484 ejus
1070 3450 2414 3470 ...............
2530 3410 2630 3467 181

508 3494 595 3554 ΒΘ
622 3496 944 3556 redditione
970 3498 1124 3555 Novi
1153 3498 1389 3557 Castelli
1420 3507 1479 3555 et
1505 3498 1870 3556 absolutione
1896 3497 2139 3555 Gerardi
2210 3541 2222 3553 .
2306 3541 2316 3552 .
2398 3540 2413 3554 .
2529 3497 2634 3555 182

508 3585 598 3642 ΒΘ
624 3586 976 3659 profectione
999 3585 1267 3643 Nicholai
1296 3587 1553 3661 episcopi
1584 3586 1656 3643 ad
1685 3586 2185 3661 archiepiscopum
2212 3628 2226 3643 .
2307 3630 2321 3643 .
2403 3630 2414 3641 .
2530 3586 2632 3642 184

509 3673 598 3729 ΒΘ
625 3673 1054 3731 consecratione
1081 3674 1205 3748 ejus
1261 3716 2414 3732 .............
2531 3673 2633 3729 185

510 3759 771 3829 Qualiter
797 3760 1087 3817 Gerardus
1116 3778 1319 3835 pacem
1347 3761 1647 3836 infregerit
1736 3804 2415 3821 ........
2532 3761 2632 3818 187

508 3847 598 3904 ΒΘ
626 3847 889 3921 nequitia
916 3847 1158 3905 Gerardi
1165 3891 2417 3907 ..............
2533 3847 2635 3904 190

510 3935 675 4005 Quod
706 3935 1012 4009 episcopus
1039 3953 1100 3993 se
1128 3935 1432 3994 defendere
1460 3937 1750 4010 paraverit
1827 3979 2417 3996 .......
2533 3935 2637 3992 192

511 4024 599 4081 ΒΘ
626 4040 811 4081 werra
838 4024 990 4081 inter
1017 4023 1353 4098 episcopum
1383 4034 1443 4083 et
1471 4025 1794 4084 Gerar-dum
1825 4034 1951 4083 orta
2027 4067 2419 4083 .....
2535 4023 2635 4081 194

511 4112 600 4170 ΒΘ
629 4112 881 4170 secunda
909 4113 1174 4187 captione
1203 4115 1443 4172 Gerardi
1450 4155 2416 4174 ...........
2535 4112 2636 4169 195

512 4202 600 4260 ΒΘ
627 4209 812 4260 morte
841 4202 1080 4260 Gerardi
1166 4245 2419 4262 ..............
2532 4200 2632 4258 197
