3558 5493
999 804 1093 879 43

912 1250 1091 1340 ’44

993 1728 1089 1803 45

991 2187 1085 2263 46

986 2648 1083 2723 47

983 3110 1078 3185 48

979 3567 1073 3642 49

975 4034 1065 4104 50

1906 553 2109 607 ῧΕΒΤΑ

1391 687 1481 762 ad
1514 713 1760 789 regem
1795 688 1901 761 ire
1936 688 2288 786 protinus.

1485 808 1667 878 Dant
1702 804 1896 877 cives
1933 803 2024 876 illi
2063 808 2378 879 Manasse

1388 919 1480 995 de
1514 919 1849 994 thesauro
1884 918 2261 994 aecclesiae

1386 1034 1574 1110 unde
1609 1035 1842 1110 valeat
1876 1033 2247 1134 splendide

1268 1200 1271 1205 -
1384 1150 1474 1224 ad
1511 1158 1790 1224 curtem
1823 1149 2015 1250 regis
2049 1150 2318 1225 vivere.

1481 1271 1672 1341 Duo¹
1710 1266 1979 1340 donant
2012 1265 2434 1340 candelabra

1384 1381 1475 1457 de
1511 1391 1810 1483 argento
1846 1381 2222 1481 purissima

1385 1523 1565 1596 quae
1600 1497 1694 1572 de
1728 1497 2037 1572 marchis
2073 1497 2235 1596 plus
2271 1497 2559 1599 triginta

1384 1621 1551 1690 sunt
1580 1612 1875 1687 honeste
1912 1612 2334 1711 composita.

1480 1734 1667 1804 Dant
1699 1736 1771 1802 et
1809 1728 2096 1805 calicem
2133 1753 2428 1803 aureum

1382 1844 1473 1919 de
1511 1852 1783 1941 septem
1821 1844 2129 1919 marchis
2165 1843 2529 1920 conditum

1381 1967 1622 2058 preter
1656 1966 2016 2033 texturam
2047 1958 2364 2057 lapidum

1381 2082 1454 2148 et
1488 2075 1916 2149 electrorum
1949 2074 2296 2172 precium.

1476 2189 1819 2265 Miserunt
1852 2215 2027 2291 ergo
2061 2195 2451 2266 Manassem

1383 2303 1473 2379 ad
1509 2303 1742 2404 ipsam
1774 2306 1967 2406 regis
1998 2306 2270 2381 curiam

1382 2419 1756 2519 spoliando
1793 2421 2161 2496 ecclesiam

1377 2559 1512 2634 per
1545 2560 1748 2611 suam
1782 2535 2293 2612 fortitudinem.

1476 2650 1616 2725 Sed
1652 2651 1851 2749 quod
1885 2650 2140 2726 accidit
2172 2660 2423 2753 postea

1373 2766 1684 2864 previdit
1715 2767 1839 2843 Dei
1873 2767 2098 2868 gratia
2134 2794 2151 2841 t

1373 2906 1540 2955 nam
1573 2906 1948 2983 regressus
1984 2882 2075 2958 de
2111 2883 2305 2958 curia

1372 3007 1567 3072 caret
1599 2999 1792 3074 dono
1826 2997 2259 3098 francigena.

1470 3113 1708 3188 Noluit
1742 3113 1984 3189 forsan
2017 3114 2360 3189 Dominus

1372 3236 1451 3302 ut
1486 3237 1674 3303 esset
1710 3228 1826 3303 hic
1859 3228 2239 3328 episcopus

1371 3368 1582 3443 quem
1617 3352 1960 3419 statuerat
1997 3346 2302 3444 populus

1368 3457 1467 3532 ita
1501 3457 1803 3532 inversis
1835 3458 2138 3559 legibus.

1465 3577 1660 3648 Tunc
1696 3573 1928 3648 clerici
1966 3585 2038 3650 et
2073 3575 2254 3664 laici,

1365 3687 1679 3764 infelices
1713 3697 1788 3763 et
1822 3691 2092 3779 miseri,

1364 3802 1546 3878 fiunt
1578 3812 1661 3878 ut
1690 3829 1902 3880 canes
1935 3804 2166 3880 rabidi

1363 3918 1730 3994 discordes
1762 3929 1835 3994 et
1870 3921 2232 3996 contrarii.

1458 4040 1651 4110 Tunc
1684 4035 1863 4110 alter
1899 4062 2116 4135 super
2152 4037 2455 4112 alterum

996 4280 1044 4336 1.
1086 4282 1223 4337 Duo.
1260 4280 1340 4338 La
1367 4280 1616 4340 version
1646 4283 1926 4359 francaise
1956 4284 2044 4341 dit
2070 4291 2201 4356 sept.
