3558 5493
899 552 984 604 128
1853 552 2053 604 Gsss'rA

1331 686 1511 760 sicut
1544 686 1892 760 Zacheum
1927 686 2174 762 alium¹

1329 800 1509 874 vidit
1544 808 1618 875 et
1653 808 1733 876 ut
1768 799 2237 875 Cornelium2.

939 916 1032 990 40
1413 922 1580 1010 ‚Jam
1619 939 1901 990 sacrum
1935 916 2193 990 flamen
2229 915 2512 1013 proficit

1327 1032 1522 1130 quod
1560 1032 1860 1130 inspirat
1895 1056 2111 1129 quem
2146 1031 2373 1132 diligit
2417 1060 2431 1106 :

1326 1173 1491 1222 narn
1528 1158 1829 1246 uterque
1858 1147 2010 1246 jam
2046 1146 2347 1246 despicit

1327 1263 1664 1361 quicquid
1701 1263 1990 1339 mundi³
2029 1264 2304 1339 vanitas
2339 1262 2657 1339 contuiit.

936 1377 1015 1451 44
1424 1381 1480 1453 Ο
1515 1402 1647 1452 vos
1681 1401 1932 1452 omnes
1968 1377 2448 1467 Christicolae,

1323 1493 1532 1593 hujus
1568 1493 1705 1567 viri
1741 1502 1813 1567 et
1849 1492 2150 1567 feminae

1322 1609 1631 1684 inaudita
1667 1607 2009 1706 percipite
2054 1635 2069 1681 ε

1324 1748 1486 1798 nam
1524 1724 1615 1798 de
1651 1723 1762 1797 his
1800 1723 1922 1822 qui
1961 1730 2129 1799 sunt
2158 1722 2368 1798 hodie

1321 1864 1462 1914 non
1499 1863 1798 1937 possum
1831 1864 2013 1938 equa
2050 1838 2313 1914 dicere.

930 1955 1025 2030 42
1418 1955 1696 2031 Timore
1733 1979 2041 2053 namque
2077 1953 2327 2028 nimio⁴

1173 2076 1186 2089 “
1319 2071 1634 2146 exterriti
1675 2079 1840 2146 sunt
1874 2069 1948 2144 hi
1984 2069 2131 2145 duo

1320 2186 1411 2262 de
1448 2187 1562 2261 die
1594 2186 1889 2285 quidem
1921 2185 2171 2260 ultimo

1316 2303 1697 2401 futuroque
1728 2301 2019 2402 judicio.

925 2421 1020 2494 43
1413 2424 1504 2495 Ut
1538 2419 1885 2518 sequitur,
1917 2417 2071 2516 jam
2105 2417 2413 2517 cogitant

1314 2544 1396 2611 ut
1430 2535 1667 2610 seculo
1703 2534 2108 2610 renuntient

1315 2658 1387 2724 et
1422 2675 1513 2724 ex
1548 2658 1718 2723 voto
1748 2649 1899 2751 jam
1932 2656 2328 2749 properant

1315 2776 1395 2844 ut
1429 2770 1500 2843 in
1535 2767 1806 2844 mundo
1843 2769 1940 2843 nil
1976 2767 2307 2842 habeant.
2372 2821 2377 2826 -

925 2882 1021 2957 44
1413 2882 1776 2958 Exhortati
1817 2908 1951 2983 per
1983 2882 2291 2981 plurima

1317 2998 1708 3097 scripturae
1742 2999 2224 3097 predicamina

1314 3138 1450 3214 pro
1486 3113 1740 3190 Christi
1781 3114 2086 3188 amicitia
2102 3114 2128 3160 ⁵

876 3342 930 3402 le
965 3343 1036 3400 20
1070 3343 1420 3418 septembre,
1461 3342 1695 3399 ailleurs
1736 3343 1790 3400 le
1833 3345 1915 3399 1⁰·
1942 3359 2015 3399 ou
2053 3341 2108 3402 le
2145 3342 2179 3399 2
2217 3341 2529 3401 novembre
2566 3341 2661 3402 (V.
2701 3343 2819 3399 Act.
2866 3341 2988 3408 SS„

877 3436 917 3487 t.
957 3431 1038 3486 VI
1066 3431 1249 3504 Sept.,
1279 3447 1336 3504 p.
1379 3431 1520 3500 114).
1573 3429 1665 3485 On
1704 3427 2016 3502 comprend
2056 3429 2369 3502 aisement,
2406 3428 2441 3485 a
2477 3427 2535 3485 la
2569 3426 2783 3487 lecture
2820 3427 2892 3486 de
2928 3445 2993 3485 sa

875 3518 1144 3593 poetique
1173 3518 1413 3592 legende
1440 3520 1621 3590 (ἰωὰ,
1654 3535 1710 3591 p.
1747 3518 1847 3575 123
1879 3519 2048 3593 sqq.),
2080 3517 2219 3592 qu’il
2247 3518 2332 3575 ait
2365 3517 2456 3575 ete
2494 3517 2731 3592 regards
2767 3534 2991 3576 comme

875 3607 929 3664 le
958 3615 1163 3681 patron
1189 3607 1291 3667 des
1319 3607 1564 3665 samilles
1591 3608 1785 3666 riches
1813 3614 1872 3667 et
1897 3608 2146 3681 pie-uses,
2179 3608 2262 3666 Le
2291 3608 2562 3665 souvenir
2590 3607 2662 3666 de
2687 3605 2908 3666 Zachee
2935 3616 2994 3665 et

875 3694 946 3752 de
966 3693 1249 3753 Corneille
1272 3712 1335 3753 se
1361 3695 1673 3768 presentait
1700 3696 1856 3754 aussi
1896 3696 2007 3754 sort
2043 3694 2491 3755 naturellement
2530 3695 2674 3754 dans
2716 3713 2795 3753 un
2832 3695 2992 3768 eloge

874 3787 950 3842 du
983 3785 1096 3843 bon
1123 3801 1298 3859 usage
1327 3784 1429 3843 des
1456 3785 1762 3844 richesses.

945 3875 998 3931 1.
1040 3875 1238 3948 Comp.
1270 3877 1400 3932 Luc.
1433 3874 1609 3931 XIX.

943 3963 998 4021 2.
1039 3963 1238 4037 Comp.
1277 3968 1399 4022 Act.
1432 3965 1514 4036 X,
1545 3965 1600 4038 2,
1631 3967 1687 4023 4.

944 4052 997 4110 3.
1039 4053 1119 4111 Ce
1148 4059 1270 4111 mot
1296 4052 1518 4110 trouble
1549 4052 1603 4112 le
1632 4053 1817 4110 mette
1844 4060 1903 4110 et
1932 4051 1969 4109 il
1997 4051 2148 4110 n'est
2174 4068 2277 4127 pas
2304 4052 2627 4112 necessaire
2654 4068 2728 4108 au
2758 4068 2909 4110 sens.
2942 4049 2992 4108 11

787 4203 788 4206 Ἴ
872 4147 962 4197 est
989 4139 1202 4215 permis
1231 4140 1302 4200 de
1330 4142 1513 4199 croire
1540 4140 1683 4215 qu’il
1710 4158 1747 4198 a
1773 4141 1864 4198 ete
1894 4142 2082 4215 ajoute
2111 4156 2211 4215 par
2236 4159 2315 4199 un
2346 4142 2581 4215 copiste.

943 4231 993 4286 4.
1039 4234 1236 4287 nimio.
1267 4230 1430 4287 Dans
1463 4229 1515 4288 le
1542 4247 1653 4287 ms.
1685 4234 1925 4287 nimina.

946 4319 996 4375 5.
1031 4318 1111 4377 Le
1137 4336 1246 4376 mS.
1280 4327 1442 4393 porte
1468 4323 1755 4375 amacitia.
