3558 5493
534 764 677 840 304

535 1230 676 1301 305

537 1689 679 1761 306

539 2150 681 2221 307

538 2962 679 3032 308

540 3420 681 3492 309

538 3881 679 3953 3⁴0

539 4342 667 4413 344

1451 632 1726 683 mooun.

1066 770 1166 839 De
1199 763 1545 839 fructibus
1579 762 1782 863 cujus
1810 771 2041 838 terrae

969 889 1181 978 atque
1218 879 1370 980 ejus
1402 877 1728 953 ubertate

969 995 1131 1093 plus
1164 995 1414 1070 vicinis
1448 995 1660 1069 terris
1693 1003 1858 1069 ante

972 1111 1428 1217 replebantur
1464 1111 1720 1185 domus
1756 1135 1952 1186 suae.

1066 1226 1201 1302 Sed
1242 1252 1384 1301 non
1422 1234 1673 1301 curant
1705 1226 1898 1301 cives
1933 1226 2098 1302 inde
2141 1254 2156 1300 :

975 1367 1139 1416 nam
1173 1367 1525 1443 pauperes
1560 1342 1834 1416 malunt
1868 1366 2024 1417 esse

972 1481 1188 1554 quam
1224 1484 1266 1531 a
1301 1457 1487 1532 malo
1524 1458 1717 1555 quod
1755 1482 2007 1555 oepere

971 1571 1197 1646 donec
1230 1573 1516 1647 vincant
1549 1572 1933 1647 abstinere.

1067 1691 1318 1762 Testor
1348 1687 1599 1763 videns
1630 1688 1806 1762 haec
1840 1687 2078 1762 omnia

974 1801 1140 1900 quia
1177 1826 1319 1876 non
1354 1811 1465 1876 est
1498 1826 1676 1902 gens
1709 1801 1933 1875 altera

972 1941 1155 2015 quae
1192 1918 1591 1992 sustulisset
1624 1926 1730 1991 tot
1767 1917 1950 1991 mala

972 2056 1064 2106 ex
1100 2033 1461 2107 voluntate
1497 2032 1791 2130 propria

1072 2146 1275 2222 sicuti
1311 2172 1488 2248 gens
1524 2147 1876 2223 cameraci

974 2271 1227 2361 sponte
1264 2263 1458 2364 cupit
1493 2263 1589 2336 ita
1627 2262 1770 2362 pati

971 2386 1053 2453 ut
1086 2386 1389 2477 nequeat
1426 2379 1746 2477 superari

974 2518 1017 2567 a
1052 2496 1358 2592 Symone
1396 2520 1627 2592 neque
1664 2494 1879 2569 vinci.

791 2728 917 2797 De
965 2727 1153 2797 odio
1200 2727 1505 2796 civium
1550 2729 1845 2796 eontra
1890 2728 2388 2811 episcopum.

1071 2957 1254 3047 Quid
1288 2957 1537 3032 laboro
1575 2957 1736 3057 plus
1772 2959 2083 3033 referre?

974 3097 1268 3172 possum
1305 3072 1592 3170 quidem
1631 3076 1986 3149 affirmare

975 3187 1168 3286 quod
1203 3212 1346 3261 non
1382 3187 1451 3261 in
1491 3188 1727 3286 priseo
1764 3198 2089 3290 tempore

975 3327 1205 3401 neque
1242 3311 1484 3377 nostra
1521 3304 1593 3377 in
1629 3312 1819 3379 etate

1070 3425 1265 3493 tanta
1299 3417 1431 3493 fuit
1464 3419 1730 3494 malitia

974 3541 1237 3630 quanta
1271 3534 1488 3610 modo
1525 3543 1637 3608 est
1672 3543 1921 3608 exorta

975 3673 1117 3746 qua
1154 3649 1392 3724 nescio
1427 3649 1719 3738 invidia,

974 3787 1115 3861 qua
1150 3764 1404 3864 ignoro
1441 3766 1802 3863 superbia.

1070 3879 1209 3954 Sed
1246 3880 1382 3953 hoc
1414 3880 1590 3954 heu!
1634 3878 2011 3955 discidium

972 3993 1163 4068 cives
1198 4018 1448 4069 omnes
1482 3994 1799 4070 obiciunt

973 4131 1191 4204 super
1226 4132 1434 4183 suum
1469 4109 1913 4207 episcopum,

971 4222 1164 4320 quod
1201 4223 1410 4297 nimis
1446 4232 1554 4298 est
1593 4225 1941 4298 nefarium
1986 4251 2001 4297 :

1071 4348 1143 4412 et
1176 4338 1420 4414 odium
1453 4348 1744 4438 portant
1778 4339 1940 4429 sibi,

2550 632 2644 684 ‘217
