3558 5493
1373 571 1711 624 mmmm.
2534 572 2597 623 27

921 708 1137 781 instat
1169 706 1362 780 illam
1394 706 1850 794 confundere,

922 824 1145 898 immo
1180 823 1369 897 bona
1405 822 1807 897 aecclesiae.

489 940 628 1015 146
1019 938 1512 1036 Intimavitque
1549 936 1823 1036 singula

822 1116 825 1117 f
922 1056 1014 1130 de
1051 1059 1368 1131 Manasse
1403 1052 1832 1152 stancigena,

926 1168 1052 1266 qui
1086 1167 1447 1243 electionis
1482 1192 1693 1243 eausa

918 1285 1133 1359 infert
1166 1284 1266 1359 illi
1303 1283 1683 1359 contraria.

488 1400 627 1475 147
1022 1402 1146 1476 His
1185 1399 1519 1499 querelis,
1560 1400 1670 1474 his
1707 1398 2106 1498 planctibus

927 1517 1133 1592 testis
1167 1516 1371 1591 adest
1403 1516 1702 1590 idoneus

926 1632 1356 1707 Turonensis
1391 1631 1769 1729 episeopus

925 1773 1089 1823 cum
1126 1747 1280 1822 aliis
1315 1769 1533 1844 quam
1567 1744 1916 1845 pluribus.

573 2004 695 2070 De
736 1999 1362 2069 oonseorations
1398 1998 1732 2067 Galeeri
1770 1998 1858 2066 et
1894 2000 1998 2066 de
2042 2000 2518 2081 expulsione

967 2107 1366 2174 manasse
1404 2106 1871 2172 adversarii
1908 2105 2122 2187 ejus.

489 2324 630 2400 148
1023 2325 1350 2401 Urbanus
1376 2348 1589 2422 papa,
1622 2323 1923 2424 cognitis

922 2440 1286 2515 laboribus
1318 2438 1691 2517 Galoerieis

926 2563 999 2631 et
1032 2555 1388 2654 perceptis
1424 2554 1698 2655 injuriis

924 2680 1072 2746 tam
1104 2675 1421 2746 Manasse
1457 2695 1672 2769 quam
1708 2670 2010 2759 eomitis,

488 2788 629 2863 149
1022 2788 1297 2864 remisit
1332 2788 1527 2862 illum
1563 2789 1893 2863 Remensi

926 2902 1313 3003 Reginaldo
1347 2903 1689 3002 pontifici,

927 3018 1171 3119 sigillis
1206 3018 1351 3093 suis
1386 3017 1710 3116 plurimis

926 3134 1422 3210 confirmatum
1456 3142 1528 3209 et
1564 3133 1840 3208 litteris,

491 3253 630 3323 150
1021 3255 1368 3349 Preeepto
1404 3249 1604 3349 cujus
1636 3249 1897 3356 Urbani

924 3366 1196 3442 vadunt
1231 3391 1394 3441 cum
1429 3392 1515 3440 eo
1554 3366 1826 3441 domini

924 3481 1194 3581 presul,
1234 3482 1552 3580 inquam,
1593 3483 1686 3557 de
1722 3483 2056 3559 Turonis¹

927 3607 1001 3673 et
1036 3597 1258 3672 abbas
1294 3598 1527 3673 Sancti
1564 3599 1857 3673 sasoli2.

492 3714 617 3784 151
1022 3713 1327 3802 Mandat,
1362 3714 1567 3815 jubet
1600 3715 1936 3789 attentius

925 3826 1017 3901 de
1054 3828 1322 3904 Galceri
1357 3828 1727 3904 ordinibus

560 4047 611 4103 ¹.
649 4049 714 4103 ds
747 4050 1004 4105 Tur-onix.
1038 4048 1197 4108 Dans
1228 4048 1282 4106 le
1309 4067 1419 4107 ms.
1450 4049 1763 4108 au-dessus
1792 4050 1863 4108 de
1893 4050 1949 4108 la
1975 4050 2150 4125 ligne.

558 4136 612 4192 2.
651 4134 950 4195 Burehard
968 4137 1048 4193 1⁶²
1078 4141 1282 4213 (comp.
1316 4141 1458 4199 Gau.
1493 4140 1720 4207 Christ„
1753 4147 1795 4197 t.
1816 4140 1931 4214 IX,
1961 4159 2017 4214 p.
2055 4140 2208 4212 198),
2235 4156 2349 4214 que
2378 4139 2432 4196 le
2461 4153 2605 4211 pape

486 4225 644 4282 avait
670 4224 796 4300 deja
821 4228 1043 4301 envoye
1061 4228 1096 4285 ὲ
1116 4228 1510 4303 l'archeveque
1531 4229 1601 4286 de
1624 4228 1829 4287 Reims
1855 4247 2001 4303 pour
2028 4228 2263 4288 l’afl'aire
2290 4229 2361 4287 de
2388 4228 2445 4284 la
2471 4244 2604 4286 con-

488 4313 771 4375 secration
798 4315 871 4375 de
898 4317 1187 4390 Lamban,
1219 4323 1437 4393 ovoque
1465 4319 1698 4377 d’Arras
1727 4321 1886 4386 (Gest.
1926 4321 2214 4386 lamberti,
2247 4335 2305 4391 p.
2338 4318 2484 4384 741).
