<?xml version="1.0" encoding="UTF-8"?>
<!DOCTYPE html PUBLIC "-//W3C//DTD XHTML 1.0 Transitional//EN"
    "http://www.w3.org/TR/xhtml1/DTD/xhtml1-transitional.dtd">
<html xmlns="http://www.w3.org/1999/xhtml" xml:lang="en" lang="en">
 <head>
  <title>
</title>
<meta http-equiv="Content-Type" content="text/html;charset=utf-8" />
  <meta name='ocr-system' content='tesseract 3.04.00' />
  <meta name='ocr-capabilities' content='ocr_page ocr_carea ocr_par ocr_line ocrx_word'/>
</head>
<body>
  <div class='ocr_page' id='page_1' title='image "./gestesdesvquesd00unkngoog_0275.png"; bbox 0 0 3558 5493; ppageno 0'>
   <div class='ocr_carea' id='block_1_1' title="bbox 1446 609 1722 661">
    <p class='ocr_par' dir='ltr' id='par_1_1' title="bbox 1446 609 1722 661">
     <span class='ocr_line' id='line_1_1' title="bbox 1446 609 1722 661; baseline -0.007 -1"><span class='ocrx_word' id='word_1_1' title='bbox 1446 609 1722 661; x_wconf 73' lang='lat' dir='ltr'><strong>mucul.</strong></span> 
     </span>
    </p>
   </div>
   <div class='ocr_carea' id='block_1_2' title="bbox 2551 612 2790 686">
    <p class='ocr_par' dir='ltr' id='par_1_2' title="bbox 2551 612 2790 686">
     <span class='ocr_line' id='line_1_2' title="bbox 2551 612 2790 686; baseline -0.004 -22"><span class='ocrx_word' id='word_1_2' title='bbox 2551 612 2643 664; x_wconf 78' lang='lat'><strong>219</strong></span> <span class='ocrx_word' id='word_1_3' title='bbox 2785 677 2790 686; x_wconf 82' lang='lat'>.</span> 
     </span>
    </p>
   </div>
   <div class='ocr_carea' id='block_1_3' title="bbox 589 826 2569 912">
    <p class='ocr_par' dir='ltr' id='par_1_3' title="bbox 589 826 2569 912">
     <span class='ocr_line' id='line_1_3' title="bbox 589 826 2569 912; baseline -0.002 -15"><span class='ocrx_word' id='word_1_4' title='bbox 589 830 818 912; x_wconf 82' lang='lat' dir='ltr'><strong>Quod</strong></span> <span class='ocrx_word' id='word_1_5' title='bbox 863 829 1097 896; x_wconf 75' lang='lat' dir='ltr'><strong>cives</strong></span> <span class='ocrx_word' id='word_1_6' title='bbox 1144 828 1466 896; x_wconf 80' lang='lat' dir='ltr'><strong>domum</strong></span> <span class='ocrx_word' id='word_1_7' title='bbox 1512 826 1895 911; x_wconf 73' lang='lat' dir='ltr'><strong>symonis</strong></span> <span class='ocrx_word' id='word_1_8' title='bbox 1939 828 2569 910; x_wconf 73' lang='lat' dir='ltr'><strong>prostraverint.</strong></span> 
     </span>
    </p>
   </div>
   <div class='ocr_carea' id='block_1_4' title="bbox 530 1035 671 1106">
    <p class='ocr_par' dir='ltr' id='par_1_4' title="bbox 530 1035 671 1106">
     <span class='ocr_line' id='line_1_4' title="bbox 530 1035 671 1106; baseline 0 -1"><span class='ocrx_word' id='word_1_9' title='bbox 530 1035 671 1106; x_wconf 66' lang='lat'><strong>319</strong></span> 
     </span>
    </p>
   </div>
   <div class='ocr_carea' id='block_1_5' title="bbox 530 1498 670 1573">
    <p class='ocr_par' dir='ltr' id='par_1_5' title="bbox 530 1498 670 1573">
     <span class='ocr_line' id='line_1_5' title="bbox 530 1498 670 1573; baseline 0.007 -3"><span class='ocrx_word' id='word_1_10' title='bbox 530 1498 670 1573; x_wconf 92' lang='grc'><strong>320</strong></span> 
     </span>
    </p>
   </div>
   <div class='ocr_carea' id='block_1_6' title="bbox 530 1957 658 2032">
    <p class='ocr_par' dir='ltr' id='par_1_6' title="bbox 530 1957 658 2032">
     <span class='ocr_line' id='line_1_6' title="bbox 530 1957 658 2032; baseline 0 -3"><span class='ocrx_word' id='word_1_11' title='bbox 530 1957 658 2032; x_wconf 68' lang='grc'><strong>324</strong></span> 
     </span>
    </p>
   </div>
   <div class='ocr_carea' id='block_1_7' title="bbox 530 2419 671 2494">
    <p class='ocr_par' dir='ltr' id='par_1_7' title="bbox 530 2419 671 2494">
     <span class='ocr_line' id='line_1_7' title="bbox 530 2419 671 2494; baseline 0.043 -5"><span class='ocrx_word' id='word_1_12' title='bbox 530 2419 671 2494; x_wconf 90' lang='grc'><strong>322</strong></span> 
     </span>
    </p>
   </div>
   <div class='ocr_carea' id='block_1_8' title="bbox 528 2879 669 2954">
    <p class='ocr_par' dir='ltr' id='par_1_8' title="bbox 528 2879 669 2954">
     <span class='ocr_line' id='line_1_8' title="bbox 528 2879 669 2954; baseline 0 -3"><span class='ocrx_word' id='word_1_13' title='bbox 528 2879 669 2954; x_wconf 87' lang='grc'><strong>323</strong></span> 
     </span>
    </p>
   </div>
   <div class='ocr_carea' id='block_1_9' title="bbox 527 3338 670 3414">
    <p class='ocr_par' dir='ltr' id='par_1_9' title="bbox 527 3338 670 3414">
     <span class='ocr_line' id='line_1_9' title="bbox 527 3338 670 3414; baseline 0.007 -1"><span class='ocrx_word' id='word_1_14' title='bbox 527 3338 670 3414; x_wconf 65' lang='grc'><strong>324</strong></span> 
     </span>
    </p>
   </div>
   <div class='ocr_carea' id='block_1_10' title="bbox 527 3803 666 3878">
    <p class='ocr_par' dir='ltr' id='par_1_10' title="bbox 527 3803 666 3878">
     <span class='ocr_line' id='line_1_10' title="bbox 527 3803 666 3878; baseline -0.014 -2"><span class='ocrx_word' id='word_1_15' title='bbox 527 3803 666 3878; x_wconf 82' lang='grc'><strong>325</strong></span> 
     </span>
    </p>
   </div>
   <div class='ocr_carea' id='block_1_11' title="bbox 964 1030 1990 1913">
    <p class='ocr_par' dir='ltr' id='par_1_11' title="bbox 966 1030 1847 1453">
     <span class='ocr_line' id='line_1_11' title="bbox 1065 1030 1847 1106; baseline -0.004 0"><span class='ocrx_word' id='word_1_16' title='bbox 1065 1030 1386 1106; x_wconf 87' lang='lat' dir='ltr'><strong>Universi</strong></span> <span class='ocrx_word' id='word_1_17' title='bbox 1423 1030 1734 1104; x_wconf 84' lang='lat' dir='ltr'><strong>fatentur</strong></span> <span class='ocrx_word' id='word_1_18' title='bbox 1770 1055 1847 1103; x_wconf 90' lang='lat' dir='ltr'><strong>se</strong></span> 
     </span>
     <span class='ocr_line' id='line_1_12' title="bbox 967 1146 1708 1246; baseline -0.001 -25"><span class='ocrx_word' id='word_1_19' title='bbox 967 1146 1284 1246; x_wconf 81' lang='lat' dir='ltr'><strong>episcopi</strong></span> <span class='ocrx_word' id='word_1_20' title='bbox 1318 1146 1513 1221; x_wconf 84' lang='lat' dir='ltr'><strong>viros</strong></span> <span class='ocrx_word' id='word_1_21' title='bbox 1550 1170 1708 1220; x_wconf 89' lang='lat' dir='ltr'><strong>esse</strong></span> 
     </span>
     <span class='ocr_line' id='line_1_13' title="bbox 967 1261 1813 1361; baseline -0.004 -24"><span class='ocrx_word' id='word_1_22' title='bbox 967 1271 1042 1337; x_wconf 86' lang='lat' dir='ltr'><strong>et</strong></span> <span class='ocrx_word' id='word_1_23' title='bbox 1076 1261 1339 1335; x_wconf 80' lang='lat' dir='ltr'><strong>trevias</strong></span> <span class='ocrx_word' id='word_1_24' title='bbox 1375 1261 1466 1337; x_wconf 89' lang='lat' dir='ltr'><strong>de</strong></span> <span class='ocrx_word' id='word_1_25' title='bbox 1504 1263 1813 1361; x_wconf 82' lang='lat' dir='ltr'><strong>Symone</strong></span> 
     </span>
     <span class='ocr_line' id='line_1_14' title="bbox 966 1376 1801 1453; baseline -0.002 -1"><span class='ocrx_word' id='word_1_26' title='bbox 966 1377 1215 1453; x_wconf 90' lang='lat' dir='ltr'><strong>nolunt</strong></span> <span class='ocrx_word' id='word_1_27' title='bbox 1249 1377 1314 1451; x_wconf 88' lang='lat' dir='ltr'><strong>ei</strong></span> <span class='ocrx_word' id='word_1_28' title='bbox 1350 1376 1740 1451; x_wconf 76' lang='lat' dir='ltr'><strong>concedere</strong></span> <span class='ocrx_word' id='word_1_29' title='bbox 1786 1404 1801 1450; x_wconf 93' lang='lat'>:</span> 
     </span>
    </p>

    <p class='ocr_par' dir='ltr' id='par_1_12' title="bbox 964 1492 1990 1913">
     <span class='ocr_line' id='line_1_15' title="bbox 1063 1492 1990 1591; baseline 0 -23"><span class='ocrx_word' id='word_1_30' title='bbox 1063 1493 1192 1569; x_wconf 90' lang='lat' dir='ltr'><strong>sed</strong></span> <span class='ocrx_word' id='word_1_31' title='bbox 1228 1518 1392 1568; x_wconf 90' lang='lat' dir='ltr'><strong>cum</strong></span> <span class='ocrx_word' id='word_1_32' title='bbox 1428 1493 1555 1567; x_wconf 90' lang='lat' dir='ltr'><strong>de¹</strong></span> <span class='ocrx_word' id='word_1_33' title='bbox 1596 1518 1769 1591; x_wconf 85' lang='lat' dir='ltr'><strong>pace</strong></span> <span class='ocrx_word' id='word_1_34' title='bbox 1805 1492 1990 1568; x_wconf 89' lang='lat' dir='ltr'><strong>illius</strong></span> 
     </span>
     <span class='ocr_line' id='line_1_16' title="bbox 965 1606 1821 1705; baseline -0.005 -21"><span class='ocrx_word' id='word_1_35' title='bbox 965 1619 1038 1683; x_wconf 88' lang='lat' dir='ltr'><strong>et</strong></span> <span class='ocrx_word' id='word_1_36' title='bbox 1074 1608 1166 1684; x_wconf 87' lang='lat' dir='ltr'><strong>de</strong></span> <span class='ocrx_word' id='word_1_37' title='bbox 1201 1607 1446 1682; x_wconf 83' lang='lat' dir='ltr'><strong>treviis</strong></span> <span class='ocrx_word' id='word_1_38' title='bbox 1479 1606 1821 1705; x_wconf 82' lang='lat' dir='ltr'><strong>loquitur,</strong></span> 
     </span>
     <span class='ocr_line' id='line_1_17' title="bbox 964 1723 1859 1824; baseline -0.002 -25"><span class='ocrx_word' id='word_1_39' title='bbox 964 1732 1164 1799; x_wconf 82' lang='lat' dir='ltr'><strong>tanto</strong></span> <span class='ocrx_word' id='word_1_40' title='bbox 1197 1723 1425 1824; x_wconf 82' lang='lat' dir='ltr'><strong>magis</strong></span> <span class='ocrx_word' id='word_1_41' title='bbox 1458 1723 1859 1797; x_wconf 83' lang='lat' dir='ltr'><strong>irascuntur</strong></span> 
     </span>
     <span class='ocr_line' id='line_1_18' title="bbox 967 1836 1762 1913; baseline -0.004 0"><span class='ocrx_word' id='word_1_42' title='bbox 967 1847 1040 1913; x_wconf 90' lang='lat' dir='ltr'><strong>et</strong></span> <span class='ocrx_word' id='word_1_43' title='bbox 1074 1838 1314 1913; x_wconf 86' lang='lat' dir='ltr'><strong>ledere</strong></span> <span class='ocrx_word' id='word_1_44' title='bbox 1350 1836 1762 1911; x_wconf 82' lang='lat' dir='ltr'><strong>moliuntur.</strong></span> 
     </span>
    </p>
   </div>
   <div class='ocr_carea' id='block_1_12' title="bbox 1064 1950 2050 2049">
    <p class='ocr_par' dir='ltr' id='par_1_13' title="bbox 1064 1950 2050 2049">
     <span class='ocr_line' id='line_1_19' title="bbox 1064 1950 2050 2049; baseline -0.002 -23"><span class='ocrx_word' id='word_1_45' title='bbox 1064 1952 1194 2043; x_wconf 82' lang='lat' dir='ltr'><strong>Qui</strong></span> <span class='ocrx_word' id='word_1_46' title='bbox 1231 1950 1516 2049; x_wconf 81' lang='lat' dir='ltr'><strong>Symom‘</strong></span> <span class='ocrx_word' id='word_1_47' title='bbox 1557 1959 1638 2025; x_wconf 90' lang='lat' dir='ltr'><strong>ut</strong></span> <span class='ocrx_word' id='word_1_48' title='bbox 1670 1950 2050 2025; x_wconf 82' lang='lat' dir='ltr'><strong>ostendant</strong></span> 
     </span>
    </p>
   </div>
   <div class='ocr_carea' id='block_1_13' title="bbox 968 2066 1767 2166">
    <p class='ocr_par' dir='ltr' id='par_1_14' title="bbox 968 2066 1767 2166">
     <span class='ocr_line' id='line_1_20' title="bbox 968 2066 1767 2166; baseline -0.003 -24"><span class='ocrx_word' id='word_1_49' title='bbox 968 2094 1135 2144; x_wconf 86' lang='lat' dir='ltr'><strong>suae</strong></span> <span class='ocrx_word' id='word_1_50' title='bbox 1170 2066 1363 2166; x_wconf 80' lang='lat' dir='ltr'>pacis</span> <span class='ocrx_word' id='word_1_51' title='bbox 1398 2066 1767 2166; x_wconf 84' lang='lat' dir='ltr'><strong>incuriam,</strong></span> 
     </span>
    </p>
   </div>
   <div class='ocr_carea' id='block_1_14' title="bbox 967 2180 2084 2283">
    <p class='ocr_par' dir='ltr' id='par_1_15' title="bbox 967 2180 2084 2283">
     <span class='ocr_line' id='line_1_21' title="bbox 967 2180 2084 2283; baseline -0.002 -26"><span class='ocrx_word' id='word_1_52' title='bbox 967 2189 1514 2283; x_wconf 82' lang='lat' dir='ltr'><strong>prostraverunt</strong></span> <span class='ocrx_word' id='word_1_53' title='bbox 1548 2180 1843 2255; x_wconf 90' lang='lat' dir='ltr'><strong>domum</strong></span> <span class='ocrx_word' id='word_1_54' title='bbox 1882 2205 2084 2256; x_wconf 89' lang='lat' dir='ltr'><strong>suam</strong></span> 
     </span>
    </p>
   </div>
   <div class='ocr_carea' id='block_1_15' title="bbox 961 2296 2014 4126">
    <p class='ocr_par' dir='ltr' id='par_1_16' title="bbox 961 2296 2014 4126">
     <span class='ocr_line' id='line_1_22' title="bbox 964 2296 1963 2374; baseline -0.004 0"><span class='ocrx_word' id='word_1_55' title='bbox 964 2300 1095 2374; x_wconf 83' lang='lat' dir='ltr'><strong>hac</strong></span> <span class='ocrx_word' id='word_1_56' title='bbox 1130 2298 1202 2371; x_wconf 89' lang='lat' dir='ltr'><strong>in</strong></span> <span class='ocrx_word' id='word_1_57' title='bbox 1242 2297 1422 2373; x_wconf 83' lang='lat' dir='ltr'><strong>urbe</strong></span> <span class='ocrx_word' id='word_1_58' title='bbox 1457 2296 1662 2370; x_wconf 84' lang='lat' dir='ltr'><strong>valde</strong></span> <span class='ocrx_word' id='word_1_59' title='bbox 1698 2296 1963 2371; x_wconf 90' lang='lat' dir='ltr'><strong>bonam</strong></span> 
     </span>
     <span class='ocr_line' id='line_1_23' title="bbox 1064 2413 2001 2512; baseline -0.001 -24"><span class='ocrx_word' id='word_1_60' title='bbox 1064 2438 1246 2512; x_wconf 86' lang='lat' dir='ltr'><strong>quae</strong></span> <span class='ocrx_word' id='word_1_61' title='bbox 1282 2413 1577 2489; x_wconf 82' lang='lat' dir='ltr'><strong>sedebat</strong></span> <span class='ocrx_word' id='word_1_62' title='bbox 1613 2414 1685 2487; x_wconf 94' lang='lat' dir='ltr'><strong>in</strong></span> <span class='ocrx_word' id='word_1_63' title='bbox 1723 2420 2001 2488; x_wconf 82' lang='lat' dir='ltr'><strong>sacrato</strong></span> 
     </span>
     <span class='ocr_line' id='line_1_24' title="bbox 962 2528 1752 2604; baseline -0.001 -1"><span class='ocrx_word' id='word_1_64' title='bbox 962 2536 1241 2603; x_wconf 82' lang='lat' dir='ltr'><strong>sanctae</strong></span> <span class='ocrx_word' id='word_1_65' title='bbox 1277 2529 1531 2604; x_wconf 84' lang='lat' dir='ltr'><strong>Mariae</strong></span> <span class='ocrx_word' id='word_1_66' title='bbox 1571 2528 1752 2602; x_wconf 86' lang='lat' dir='ltr'><strong>atrio</strong></span> 
     </span>
     <span class='ocr_line' id='line_1_25' title="bbox 964 2643 1773 2743; baseline -0.004 -24"><span class='ocrx_word' id='word_1_67' title='bbox 964 2643 1165 2743; x_wconf 87' lang='lat' dir='ltr'><strong>cujus</strong></span> <span class='ocrx_word' id='word_1_68' title='bbox 1199 2643 1432 2717; x_wconf 87' lang='lat' dir='ltr'><strong>omnis</strong></span> <span class='ocrx_word' id='word_1_69' title='bbox 1468 2643 1773 2717; x_wconf 82' lang='lat' dir='ltr'><strong>violator</strong></span> 
     </span>
     <span class='ocr_line' id='line_1_26' title="bbox 964 2756 1820 2860; baseline -0.005 -26"><span class='ocrx_word' id='word_1_70' title='bbox 964 2766 1381 2860; x_wconf 81' lang='lat' dir='ltr'><strong>segregatur</strong></span> <span class='ocrx_word' id='word_1_71' title='bbox 1413 2783 1457 2831; x_wconf 92' lang='lat' dir='ltr'><strong>a</strong></span> <span class='ocrx_word' id='word_1_72' title='bbox 1492 2756 1820 2831; x_wconf 91' lang='lat' dir='ltr'><strong>Domino.</strong></span> 
     </span>
     <span class='ocr_line' id='line_1_27' title="bbox 1062 2871 1769 2950; baseline -0.007 0"><span class='ocrx_word' id='word_1_73' title='bbox 1062 2873 1171 2950; x_wconf 80' lang='lat' dir='ltr'><strong>Ab</strong></span> <span class='ocrx_word' id='word_1_74' title='bbox 1209 2873 1328 2947; x_wconf 91' lang='lat' dir='ltr'><strong>illo</strong></span> <span class='ocrx_word' id='word_1_75' title='bbox 1360 2872 1474 2946; x_wconf 90' lang='lat' dir='ltr'><strong>die</strong></span> <span class='ocrx_word' id='word_1_76' title='bbox 1510 2871 1769 2946; x_wconf 84' lang='lat' dir='ltr'><strong>etenim</strong></span> 
     </span>
     <span class='ocr_line' id='line_1_28' title="bbox 964 2986 2012 3088; baseline -0.003 -25"><span class='ocrx_word' id='word_1_77' title='bbox 964 3013 1110 3088; x_wconf 90' lang='lat' dir='ltr'><strong>quo</strong></span> <span class='ocrx_word' id='word_1_78' title='bbox 1147 2988 1458 3063; x_wconf 82' lang='lat' dir='ltr'><strong>dicatum</strong></span> <span class='ocrx_word' id='word_1_79' title='bbox 1494 2987 1841 3086; x_wconf 89' lang='lat' dir='ltr'><strong>templum</strong></span> <span class='ocrx_word' id='word_1_80' title='bbox 1879 2986 2012 3061; x_wconf 82' lang='lat' dir='ltr'><strong>fuit</strong></span> 
     </span>
     <span class='ocr_line' id='line_1_29' title="bbox 963 3102 1777 3180; baseline -0.005 0"><span class='ocrx_word' id='word_1_81' title='bbox 963 3114 1129 3180; x_wconf 90' lang='lat' dir='ltr'><strong>sunt</strong></span> <span class='ocrx_word' id='word_1_82' title='bbox 1164 3105 1582 3179; x_wconf 81' lang='lat' dir='ltr'><strong>infractores</strong></span> <span class='ocrx_word' id='word_1_83' title='bbox 1617 3102 1777 3177; x_wconf 84' lang='lat' dir='ltr'><strong>atrii</strong></span> 
     </span>
     <span class='ocr_line' id='line_1_30' title="bbox 962 3219 1893 3296; baseline -0.002 -1"><span class='ocrx_word' id='word_1_84' title='bbox 962 3245 1213 3296; x_wconf 89' lang='lat' dir='ltr'><strong>omnes</strong></span> <span class='ocrx_word' id='word_1_85' title='bbox 1248 3219 1839 3295; x_wconf 83' lang='lat' dir='ltr'><strong>excommunicati</strong></span> <span class='ocrx_word' id='word_1_86' title='bbox 1877 3247 1893 3292; x_wconf 91' lang='lat'>:</span> 
     </span>
     <span class='ocr_line' id='line_1_31' title="bbox 1063 3335 1689 3437; baseline -0.002 -26"><span class='ocrx_word' id='word_1_87' title='bbox 1063 3346 1136 3411; x_wconf 96' lang='lat' dir='ltr'><strong>et</strong></span> <span class='ocrx_word' id='word_1_88' title='bbox 1172 3335 1444 3411; x_wconf 84' lang='lat' dir='ltr'><strong>ratione</strong></span> <span class='ocrx_word' id='word_1_89' title='bbox 1485 3335 1689 3437; x_wconf 84' lang='lat' dir='ltr'><strong>legali</strong></span> 
     </span>
     <span class='ocr_line' id='line_1_32' title="bbox 963 3450 2014 3552; baseline -0.003 -25"><span class='ocrx_word' id='word_1_90' title='bbox 963 3477 1312 3552; x_wconf 87' lang='lat' dir='ltr'><strong>nusquam</strong></span> <span class='ocrx_word' id='word_1_91' title='bbox 1350 3462 1652 3550; x_wconf 83' lang='lat' dir='ltr'><strong>possunt</strong></span> <span class='ocrx_word' id='word_1_92' title='bbox 1687 3450 2014 3526; x_wconf 81' lang='lat' dir='ltr'><strong>excusari</strong></span> 
     </span>
     <span class='ocr_line' id='line_1_33' title="bbox 962 3566 1996 3665; baseline -0.004 -21"><span class='ocrx_word' id='word_1_93' title='bbox 962 3595 1092 3644; x_wconf 90' lang='lat' dir='ltr'><strong>nec</strong></span> <span class='ocrx_word' id='word_1_94' title='bbox 1126 3567 1411 3644; x_wconf 85' lang='lat' dir='ltr'><strong>defendi</strong></span> <span class='ocrx_word' id='word_1_95' title='bbox 1449 3567 1621 3665; x_wconf 91' lang='lat' dir='ltr'><strong>quin</strong></span> <span class='ocrx_word' id='word_1_96' title='bbox 1659 3566 1803 3642; x_wconf 87' lang='lat' dir='ltr'><strong>sint</strong></span> <span class='ocrx_word' id='word_1_97' title='bbox 1839 3567 1939 3641; x_wconf 80' lang='lat' dir='ltr'><strong>rei</strong></span> <span class='ocrx_word' id='word_1_98' title='bbox 1989 3590 1996 3600; x_wconf 92' lang='lat'><strong>·</strong></span> 
     </span>
     <span class='ocr_line' id='line_1_34' title="bbox 961 3681 1732 3760; baseline -0.006 0"><span class='ocrx_word' id='word_1_99' title='bbox 961 3681 1732 3760; x_wconf 86' lang='lat' dir='ltr'><strong>excommunicationis.</strong></span> 
     </span>
     <span class='ocr_line' id='line_1_35' title="bbox 1058 3795 1821 3875; baseline -0.007 0"><span class='ocrx_word' id='word_1_100' title='bbox 1058 3798 1304 3875; x_wconf 84' lang='lat' dir='ltr'><strong>Presul</strong></span> <span class='ocrx_word' id='word_1_101' title='bbox 1337 3822 1513 3873; x_wconf 84' lang='lat' dir='ltr'><strong>vero</strong></span> <span class='ocrx_word' id='word_1_102' title='bbox 1552 3797 1668 3871; x_wconf 91' lang='lat' dir='ltr'><strong>die</strong></span> <span class='ocrx_word' id='word_1_103' title='bbox 1703 3795 1821 3870; x_wconf 83' lang='lat' dir='ltr'><strong>illa</strong></span> 
     </span>
     <span class='ocr_line' id='line_1_36' title="bbox 966 3912 1841 4013; baseline -0.005 -24"><span class='ocrx_word' id='word_1_104' title='bbox 966 3940 1108 4013; x_wconf 91' lang='lat' dir='ltr'><strong>qua</strong></span> <span class='ocrx_word' id='word_1_105' title='bbox 1139 3914 1275 3989; x_wconf 81' lang='lat' dir='ltr'><strong>fuit</strong></span> <span class='ocrx_word' id='word_1_106' title='bbox 1310 3914 1566 3988; x_wconf 89' lang='lat' dir='ltr'><strong>domus</strong></span> <span class='ocrx_word' id='word_1_107' title='bbox 1603 3912 1841 3986; x_wconf 79' lang='lat' dir='ltr'><strong>diruta</strong></span> 
     </span>
     <span class='ocr_line' id='line_1_37' title="bbox 961 4029 1972 4126; baseline -0.007 -21"><span class='ocrx_word' id='word_1_108' title='bbox 961 4029 1052 4105; x_wconf 90' lang='lat' dir='ltr'><strong>ad</strong></span> <span class='ocrx_word' id='word_1_109' title='bbox 1086 4029 1458 4105; x_wconf 89' lang='lat' dir='ltr'><strong>Thumium</strong></span> <span class='ocrx_word' id='word_1_110' title='bbox 1498 4033 1913 4126; x_wconf 78' lang='lat' dir='ltr'><strong>perrexerat</strong></span> <span class='ocrx_word' id='word_1_111' title='bbox 1958 4053 1972 4098; x_wconf 91' lang='lat'><strong>:</strong></span> 
     </span>
    </p>
   </div>
   <div class='ocr_carea' id='block_1_16' title="bbox 595 4247 1897 4321">
    <p class='ocr_par' dir='ltr' id='par_1_17' title="bbox 595 4247 1897 4321">
     <span class='ocr_line' id='line_1_38' title="bbox 595 4247 1897 4321; baseline -0.002 -12"><span class='ocrx_word' id='word_1_112' title='bbox 595 4253 646 4309; x_wconf 82' lang='lat'><strong>1.</strong></span> <span class='ocrx_word' id='word_1_113' title='bbox 685 4254 769 4309; x_wconf 69' lang='lat' dir='ltr'><strong>do.</strong></span> <span class='ocrx_word' id='word_1_114' title='bbox 802 4251 962 4311; x_wconf 80' lang='lat' dir='ltr'><strong>Dans</strong></span> <span class='ocrx_word' id='word_1_115' title='bbox 987 4250 1042 4310; x_wconf 89' lang='lat' dir='ltr'><strong>le</strong></span> <span class='ocrx_word' id='word_1_116' title='bbox 1068 4266 1178 4309; x_wconf 83' lang='lat' dir='ltr'><strong>ms.</strong></span> <span class='ocrx_word' id='word_1_117' title='bbox 1212 4250 1512 4309; x_wconf 76' lang='lat' dir='ltr'><strong>au-dessus</strong></span> <span class='ocrx_word' id='word_1_118' title='bbox 1542 4248 1613 4307; x_wconf 91' lang='lat' dir='ltr'><strong>de</strong></span> <span class='ocrx_word' id='word_1_119' title='bbox 1640 4249 1697 4306; x_wconf 90' lang='lat' dir='ltr'><strong>la</strong></span> <span class='ocrx_word' id='word_1_120' title='bbox 1722 4247 1897 4321; x_wconf 81' lang='lat' dir='ltr'><strong>ligne.</strong></span> 
     </span>
    </p>
   </div>
  </div>
 </body>
</html>
