3558 5493
1364 586 1707 639 antonum.
2535 594 2598 644 37

917 702 1299 778 Galehems
1334 702 1431 778 illi
1466 705 1773 779 contrait
1827 728 1832 735 ·

477 819 624 894 205
1016 818 1261 893 dioens
1302 846 1318 892 ε
1362 827 1513 893 tota
1548 819 1799 895 electio

915 932 1052 1008 sub
1086 932 1208 1008 tali
1246 934 1329 1008 fit
1361 944 1786 1035 argumento

918 1048 1115 1148 quod
1146 1051 1260 1124 oui
1298 1049 1455 1124 det¹
1497 1051 1889 1150 imperator
2021 1134 2032 1138 ,

913 1164 1322 1241 laudaretur
1358 1192 1398 1240 a
1430 1167 1725 1265 populo,

478 1280 624 1355 206
1017 1286 1170 1358 Rex
1206 1281 1342 1356 sibi
1380 1281 1651 1356 donum
1684 1282 1991 1358 seoerat²

916 1403 989 1470 et
1023 1397 1228 1495 plebs
1261 1397 1494 1471 omnis
1529 1397 1942 1474 laudaverat

918 1536 1136 1609 quem
1169 1513 1537 1588 Remensis
1573 1514 1866 1590 eeclesia

915 1651 1050 1726 per
1082 1631 1472 1703 Romanam
1508 1639 1910 1705 sacraverat
1952 1660 1968 1705 ε

476 1745 621 1820 207
1014 1743 1138 1818 ubi
1174 1749 1526 1819 Manasses
1560 1746 1864 1821 testibus

917 1859 1272 1958 episcopis
1307 1884 1523 1959 quam
1558 1862 1883 1960 pluribus

920 1973 1051 2049 fuit
1085 1977 1764 2067 excommunicatus,

921 2115 1050 2165 neo
1082 2091 1276 2189 loqui
1313 2091 1530 2168 debet
1564 2094 1894 2193 amplius.

477 2209 622 2281 208
1016 2206 1192 2281 Hinc
1227 2207 1610 2282 Galeherus
1644 2208 2108 2308 Baginaldum

918 2321 1329 2419 pontificem
1363 2323 1820 2398 Remensium

919 2445 993 2511 et
1029 2436 1271 2535 plures
1306 2436 1405 2511 ibi
1436 2439 1814 2512 astantium

920 2560 1128 2627 vocat
1159 2553 1230 2627 in
1265 2555 1777 2628 testimonium.

482 2671 629 2748 209
1021 2670 1262 2769 Surgit
1296 2671 1537 2768 presul
1574 2670 2001 2771 Baginaldus

921 2785 1131 2885 hujus
1165 2785 1270 2860 rei
1306 2786 1744 2861 certissimus
1789 2814 1805 2860 :

922 2900 1122 3000 cujus
1157 2901 1399 2976 verbis
1431 2901 1805 2977 veracibus

920 3042 1064 3091 non
1101 3016 1293 3092 favet
1327 3016 1783 3116 apostolicus.

482 3132 566 3208 2⁴
586 3135 628 3204 0
1021 3135 1267 3206 Preter
1299 3132 1436 3207 hoo
1466 3140 1817 3207 monstrat
1849 3132 2119 3208 litteras

925 3246 1307 3322 Galoherus
1342 3247 1788 3346 apostolicas,

924 3370 1275 3436 monstrat
1307 3371 1380 3437 et
1416 3363 1637 3463 sigilla
1669 3389 1799 3439 sua
1841 3391 1857 3436 z

925 3477 1253 3554 Urbanus
1286 3487 1502 3579 negat
1535 3480 1841 3554 omnia³.

563 3772 614 3827 1.
653 3772 762 3829 dot.
792 3769 872 3828 Ge
900 3777 1024 3828 mot
1049 3778 1139 3828 est
1166 3772 1407 3847 marque
1433 3772 1577 3830 dans
1605 3772 1660 3831 16
1690 3790 1799 3830 ms.
1834 3773 2136 3831 :zu-dossas
2162 3771 2235 3829 de
2263 3770 2320 3830 la
2346 3769 2521 3844 ligne.

558 3867 612 3925 2.
652 3868 704 3924 n
732 3875 823 3926 est
849 3873 1274 3928 extremement
1300 3871 1684 3944 improbable,
1724 3887 1870 3945 pour
1905 3887 1982 3928 116
2019 3885 2120 3944 pas
2150 3869 2270 3927 dire
2301 3869 2455 3942 plus,
2499 3884 2611 3942 que

487 3956 758 4015 Gaucher
803 3958 888 4015 ait
924 3959 1153 4033 produit
1188 3959 1400 4017 devant
1434 3959 1488 4017 le
1527 3960 1776 4030 concile,
1819 3975 2046 4018 comme
2082 3964 2387 4030 argument
2428 3972 2503 4013 611
2547 3971 2613 4013 sa

489 4045 709 4119 favour,
738 4047 794 4104 le
819 4050 930 4105 don
956 4064 1070 4122 que
1097 4047 1439 4122 l’emperour
1466 4048 1547 4105 lui
1576 4049 1732 4107 avait
1759 4048 1865 4106 fait
1899 4049 1971 4105 de
2015 4047 2365 4122 l’episcopat.
2407 4044 2613 4103 G’etait

488 4142 619 4193 tout
636 4137 794 4208 juste
823 4153 887 4194 oe
914 4137 1015 4209 qui
1042 4136 1239 4195 devait
1267 4137 1737 4195 inevitablsmeut
1763 4136 1819 4193 16
1847 4136 1989 4193 faire
2018 4135 2387 4194 condamnet.

562 4234 616 4291 3.
658 4233 744 4291 Lo
770 4233 1131 4308 temoignage
1158 4232 1437 4292 d'Urbain
1464 4234 1523 4290 11
1553 4241 1644 4291 est
1668 4233 2035 4291 assur-ament
2061 4231 2189 4306 plus
2217 4229 2511 4289 reeevable
2539 4227 2613 4286 ici

496 4336 611 4396 que
639 4320 790 4379 celui
819 4322 892 4379 de
921 4322 1210 4395 Gauchsr,
1240 4331 1300 4380 st
1324 4339 1402 4381 on
1435 4332 1525 4382 est
1550 4325 1757 4383 ameno
1796 4338 1900 4396 par
1941 4321 1996 4379 la
2030 4320 2065 4378 a
2100 4334 2460 4394 soupeonner
2499 4334 2610 4392 que
